
@misc{Dennis01,
Author = {Eric Dennis and Alexei Kitaev and Andrew Landahl and John Preskill},
Title = {Topological quantum memory},
Year = {2001},
Eprint = {arXiv:quant-ph/0110143},
Howpublished = {J. Math. Phys. 43, 4452-4505 (2002).},
Doi = {10.1063/1.1499754},
}

@misc{Bombin06,
Author = {H. Bombin and M. A. Martin-Delgado},
Title = {Homological Error Correction: Classical and Quantum Codes},
Year = {2006},
Eprint = {arXiv:quant-ph/0605094},
Howpublished = {J.Math.Phys.48:052105,2007},
Doi = {10.1063/1.2731356},
}


@misc{Freedman13,
Author = {M. H. Freedman and M. B. Hastings},
Title = {Quantum Systems on Non-$k$-Hyperfinite Complexes: A Generalization of Classical Statistical Mechanics on Expander Graphs},
Year = {2013},
Eprint = {arXiv:1301.1363},
}

@misc{Freedman02,
Author = {Michael H. Freedman and David A. Meyer and Feng Luo},
Year = {2002}, 
Title = {$\mathbb{Z}_2$-systolic freedom and quantum codes},
XXXSeries={Mathematics of quantum computation},
XXXJournal={Comput. Math. Ser.},
XXXWherepublished={Boca Raton, FL},
XXXPublisher={Chapman \& Hall/CRC},
XXXPages = {287-320},
}

@misc{Tillich09,
Author = {Jean-Pierre Tillich and Gilles Zemor},
Title = {Quantum LDPC codes with positive rate and minimum distance proportional to $n^{1/2}$},
Year = {2009},
Eprint = {arXiv:0903.0566},
}

@misc{Michnicki12,
Author = {Kamil Michnicki},
Title = {3-d quantum stabilizer codes with a power law energy barrier},
Year = {2012},
Eprint = {arXiv:1208.3496},
}

@book{Massey,
Author = {William S. Massey},
Title = {A Basic Course in Algebraic Topology},
}


@book{Kassel10,
  title={Braid Groups},
  author={Kassel, C. and Dodane, O. and Turaev, V.},
  isbn={9781441922205},
  series={Graduate Texts in Mathematics},
  url={http://books.google.com.au/books?id=G3WlcQAACAAJ},
  year={2010},
  publisher={Springer New York}
}


@misc{Baez09,
Author = {John C. Baez and Mike Stay},
Title = {Physics, Topology, Logic and Computation: A Rosetta Stone},
Year = {2009},
Eprint = {arXiv:0903.0340},
Howpublished = {Physics, topology, logic and comp In New Structures for Physics,
  ed. Bob Coecke, Lecture Notes in Physics vol. 813, Springer, Berlin, 2011,
  pp. 95-174},
}



@book{Dehornoy02,
  title={Why are braids orderable?},
  author={Dehornoy, P.},
  isbn={9782856291351},
  lccn={2003380656},
  series={Panoramas et synth{\`e}ses - Soci{\'e}t{\'e} math{\'e}matique de France},
  url={http://books.google.com.au/books?id=MuDuAAAAMAAJ},
  year={2002},
  publisher={Soci{\'e}t{\'e} Math{\'e}matique de France}
}

@article{Pfeifer12,
  title = {Translation invariance, topology, and protection of criticality in chains of interacting anyons},
  author = {Pfeifer, Robert N. C. and Buerschaper, Oliver and Trebst, Simon and Ludwig, Andreas W. W. and Troyer, Matthias and Vidal, Guifre},
  journal = {Phys. Rev. B},
  volume = {86},
  issue = {15},
  pages = {155111},
  numpages = {28},
  year = {2012},
  month = {Oct},
  publisher = {American Physical Society},
  doi = {10.1103/PhysRevB.86.155111},
  url = {http://link.aps.org/doi/10.1103/PhysRevB.86.155111}
}


@incollection{Baez11,
author = "John C. Baez and Aaron D. Lauda",
editor = "Hans Halvorson",
title = {A Prehistory of n-Categorical Physics}, 
booktitle = {Deep Beauty}, 
publisher = {Cambridge University Press}, 
year = {2011},
pages = {13--128},
isbn = {9780511976971}, 
note = {Cambridge Books Online}, 
url ={http://dx.doi.org/10.1017/CBO9780511976971.003}
}


