%% This BibTeX bibliography file was created using BibDesk.
%% http://bibdesk.sourceforge.net/


%% Created for Steve Flammia at 2015-05-06 19:07:42 +1000 


%% Saved with string encoding Unicode (UTF-8) 

@article{Singh2014,
  title = {Matrix product states for anyonic systems and efficient simulation of dynamics},
  author = {Singh, Sukhwinder and Pfeifer, Robert N. C. and Vidal, Guifre and Brennen, Gavin K.},
  journal = {Phys. Rev. B},
  volume = {89},
  issue = {7},
  pages = {075112},
  numpages = {16},
  year = {2014},
  month = {Feb},
  publisher = {American Physical Society},
  doi = {10.1103/PhysRevB.89.075112},
  url = {http://link.aps.org/doi/10.1103/PhysRevB.89.075112}
}


@article{Hastings2014,
  title = {Self-Correcting Quantum Memories Beyond the Percolation Threshold},
  author = {Hastings, Matthew B. and Watson, Grant H. and Melko, Roger G.},
  journal = {Phys. Rev. Lett.},
  volume = {112},
  issue = {7},
  pages = {070501},
  numpages = {5},
  year = {2014},
  month = {Feb},
  publisher = {American Physical Society},
  doi = {10.1103/PhysRevLett.112.070501},
  url = {http://link.aps.org/doi/10.1103/PhysRevLett.112.070501}
}


@article{Andrist2015,
	Author = {Andrist, Ruben S. and Wootton, James R. and Katzgraber, Helmut G.},
	Date-Added = {2015-05-06 09:07:40 +0000},
	Date-Modified = {2015-05-06 09:07:41 +0000},
	Doi = {10.1103/PhysRevA.91.042331},
	Issue = {4},
	Journal = {Phys. Rev. A},
	Month = {Apr},
	Numpages = {7},
	Pages = {042331},
	Publisher = {American Physical Society},
	Title = {Error thresholds for Abelian quantum double models: Increasing the bit-flip stability of topological quantum memory},
	Url = {http://link.aps.org/doi/10.1103/PhysRevA.91.042331},
	Volume = {91},
	Year = {2015},
	Bdsk-Url-1 = {http://link.aps.org/doi/10.1103/PhysRevA.91.042331},
	Bdsk-Url-2 = {http://dx.doi.org/10.1103/PhysRevA.91.042331}}

@article{Hutter2014a,
	Author = {Hutter, Adrian and Wootton, James R. and Loss, Daniel},
	Date-Added = {2015-05-06 09:05:46 +0000},
	Date-Modified = {2015-05-06 09:05:47 +0000},
	Doi = {10.1103/PhysRevA.89.022326},
	Issue = {2},
	Journal = {Phys. Rev. A},
	Month = {Feb},
	Numpages = {10},
	Pages = {022326},
	Publisher = {American Physical Society},
	Title = {Efficient Markov chain Monte Carlo algorithm for the surface code},
	Url = {http://link.aps.org/doi/10.1103/PhysRevA.89.022326},
	Volume = {89},
	Year = {2014},
	Bdsk-Url-1 = {http://link.aps.org/doi/10.1103/PhysRevA.89.022326},
	Bdsk-Url-2 = {http://dx.doi.org/10.1103/PhysRevA.89.022326}}

@article{Bombin2012,
	Abstract = {Topological phases can be defined in terms of local equivalence: two systems are in the same topological phase if it is possible to transform one into the other by a local reorganization of its degrees of freedom. The classification of topological phases therefore amounts to the classification of long-range entanglement. Such local transformation could result, for instance, from the adiabatic continuation of one system's Hamiltonian to the other. Here, we use this definition to study the topological phase of translationally invariant stabilizer codes in two spatial dimensions, and show that they all belong to one universal phase. We do this by constructing an explicit mapping from any such code to a number of copies of Kitaev's code. Some of our results extend to some two-dimensional (2D) subsystem codes, including topological subsystem codes. Error correction benefits from the corresponding local mappings. In particular, it enables us to use decoding algorithm developed for Kitaev's code to decode any 2D stabilizer code and subsystem code.},
	Author = {H Bombin and Guillaume Duclos-Cianci and David Poulin},
	Date-Added = {2015-05-06 09:05:01 +0000},
	Date-Modified = {2015-05-06 09:05:02 +0000},
	Journal = {New Journal of Physics},
	Number = {7},
	Pages = {073048},
	Title = {Universal topological phase of two-dimensional stabilizer codes},
	Url = {http://stacks.iop.org/1367-2630/14/i=7/a=073048},
	Volume = {14},
	Year = {2012},
	Bdsk-Url-1 = {http://stacks.iop.org/1367-2630/14/i=7/a=073048}}

@article{Bravyi2014,
	Archiveprefix = {arXiv},
	Author = {Bravyi, Sergey and Suchara, Martin and Vargo, Alexander},
	Date-Added = {2015-05-06 09:03:53 +0000},
	Date-Modified = {2015-05-06 09:03:53 +0000},
	Doi = {10.1103/PhysRevA.90.032326},
	Eprint = {1405.4883},
	Issue = {3},
	Journal = {Phys. Rev. A},
	Month = {Sep},
	Numpages = {15},
	Pages = {032326},
	Title = {Efficient algorithms for maximum likelihood decoding in the surface code},
	Volume = {90},
	Year = {2014},
	Bdsk-File-1 = {YnBsaXN0MDDUAQIDBAUGJCVYJHZlcnNpb25YJG9iamVjdHNZJGFyY2hpdmVyVCR0b3ASAAGGoKgHCBMUFRYaIVUkbnVsbNMJCgsMDxJXTlMua2V5c1pOUy5vYmplY3RzViRjbGFzc6INDoACgAOiEBGABIAFgAdccmVsYXRpdmVQYXRoWWFsaWFzRGF0YV8QYC4uL1BhcGVycy9FZmZpY2llbnQgYWxnb3JpdGhtcyBmb3IgbWF4aW11bSBsaWtlbGlob29kIGRlY29kaW5nOyBCcmF2eWksIFN1Y2hhcmEsIFZhcmdvOyAyMDE0LnBkZtIXCxgZV05TLmRhdGFPEQJ2AAAAAAJ2AAIAAAxNYWNpbnRvc2ggSEQAAAAAAAAAAAAAAAAAAADQXNwXSCsAAAAKY6IfRWZmaWNpZW50IGFsZ29yaXRobXMjRTAxREY5LnBkZgAAAAAAAAAAAAAAAAAAAAAAAAAAAAAAAAAAAAAAAAAAAOAd+dD2sbAAAAAAAAAAAAABAAIAAAkgAAAAAAAAAAAAAAAAAAAABlBhcGVycwAQAAgAANBcQWcAAAARAAgAAND2FwAAAAABABAACmOiAAn0tAAJQM0AApPVAAIATk1hY2ludG9zaCBIRDpVc2VyczoAc2ZsYW1taWE6AERyb3Bib3g6AFBhcGVyczoARWZmaWNpZW50IGFsZ29yaXRobXMjRTAxREY5LnBkZgAOAK4AVgBFAGYAZgBpAGMAaQBlAG4AdAAgAGEAbABnAG8AcgBpAHQAaABtAHMAIABmAG8AcgAgAG0AYQB4AGkAbQB1AG0AIABsAGkAawBlAGwAaQBoAG8AbwBkACAAZABlAGMAbwBkAGkAbgBnADsAIABCAHIAYQB2AHkAaQAsACAAUwB1AGMAaABhAHIAYQAsACAAVgBhAHIAZwBvADsAIAAyADAAMQA0AC4AcABkAGYADwAaAAwATQBhAGMAaQBuAHQAbwBzAGgAIABIAEQAEgB0VXNlcnMvc2ZsYW1taWEvRHJvcGJveC9QYXBlcnMvRWZmaWNpZW50IGFsZ29yaXRobXMgZm9yIG1heGltdW0gbGlrZWxpaG9vZCBkZWNvZGluZzsgQnJhdnlpLCBTdWNoYXJhLCBWYXJnbzsgMjAxNC5wZGYAEwABLwAAFQACAA///wAAgAbSGxwdHlokY2xhc3NuYW1lWCRjbGFzc2VzXU5TTXV0YWJsZURhdGGjHR8gVk5TRGF0YVhOU09iamVjdNIbHCIjXE5TRGljdGlvbmFyeaIiIF8QD05TS2V5ZWRBcmNoaXZlctEmJ1Ryb290gAEACAARABoAIwAtADIANwBAAEYATQBVAGAAZwBqAGwAbgBxAHMAdQB3AIQAjgDxAPYA/gN4A3oDfwOKA5MDoQOlA6wDtQO6A8cDygPcA98D5AAAAAAAAAIBAAAAAAAAACgAAAAAAAAAAAAAAAAAAAPm},
	Bdsk-Url-1 = {http://dx.doi.org/10.1103/PhysRevA.90.032326}}

@article{Wootton2015,
	Archiveprefix = {arXiv},
	Author = {Wootton, James},
	Date-Added = {2015-05-06 09:02:43 +0000},
	Date-Modified = {2015-05-06 09:02:43 +0000},
	Doi = {10.3390/e17041946},
	Eprint = {1310.2393},
	Journal = {Entropy},
	Month = {apr},
	Number = {4},
	Pages = {1946--1957},
	Title = {A Simple Decoder for Topological Codes},
	Volume = {17},
	Year = {2015},
	Bdsk-Url-1 = {http://dx.doi.org/10.3390/e17041946}}

@article{Watson2014,
	Archiveprefix = {arXiv},
	Author = {Watson, Fern H.~E. and Anwar, Hussain and Browne, Dan E.},
	Date-Added = {2015-05-06 08:58:45 +0000},
	Date-Modified = {2015-05-06 08:58:46 +0000},
	Eprint = {1411.3028},
	Title = {{A} fast fault-tolerant decoder for qubit and qudit surface codes},
	Year = {2014}}

@article{Fowler2015,
	Archiveprefix = {arXiv},
	Author = {Fowler, Austin G.},
	Date-Added = {2015-05-06 08:56:34 +0000},
	Date-Modified = {2015-05-06 08:56:34 +0000},
	Eprint = {1307.1740},
	Journal = {Quant. Inf. Comp.},
	Pages = {0145--0158},
	Title = {Minimum weight perfect matching of fault-tolerant topological quantum error correction in average $O(1)$ parallel time},
	Volume = {15},
	Year = {2015},
	Bdsk-File-1 = {YnBsaXN0MDDUAQIDBAUGJCVYJHZlcnNpb25YJG9iamVjdHNZJGFyY2hpdmVyVCR0b3ASAAGGoKgHCBMUFRYaIVUkbnVsbNMJCgsMDxJXTlMua2V5c1pOUy5vYmplY3RzViRjbGFzc6INDoACgAOiEBGABIAFgAdccmVsYXRpdmVQYXRoWWFsaWFzRGF0YV8QTS4uL1BhcGVycy9NaW5pbXVtIHdlaWdodCBwZXJmZWN0IG1hdGNoaW5nIG9mIGZhdWx0LXRvbGVyYW50OyBGb3dsZXI7IDIwMTUucGRm0hcLGBlXTlMuZGF0YU8RAj4AAAAAAj4AAgAADE1hY2ludG9zaCBIRAAAAAAAAAAAAAAAAAAAANBc3BdIKwAAAApjoh9NaW5pbXVtIHdlaWdodCBwZXJmIzEzMkZGNjgucGRmAAAAAAAAAAAAAAAAAAAAAAAAAAAAAAAAAAAAAAAAAAABMv9o0XAUdQAAAAAAAAAAAAEAAgAACSAAAAAAAAAAAAAAAAAAAAAGUGFwZXJzABAACAAA0FxBZwAAABEACAAA0W+H1QAAAAEAEAAKY6IACfS0AAlAzQACk9UAAgBOTWFjaW50b3NoIEhEOlVzZXJzOgBzZmxhbW1pYToARHJvcGJveDoAUGFwZXJzOgBNaW5pbXVtIHdlaWdodCBwZXJmIzEzMkZGNjgucGRmAA4AiABDAE0AaQBuAGkAbQB1AG0AIAB3AGUAaQBnAGgAdAAgAHAAZQByAGYAZQBjAHQAIABtAGEAdABjAGgAaQBuAGcAIABvAGYAIABmAGEAdQBsAHQALQB0AG8AbABlAHIAYQBuAHQAOwAgAEYAbwB3AGwAZQByADsAIAAyADAAMQA1AC4AcABkAGYADwAaAAwATQBhAGMAaQBuAHQAbwBzAGgAIABIAEQAEgBhVXNlcnMvc2ZsYW1taWEvRHJvcGJveC9QYXBlcnMvTWluaW11bSB3ZWlnaHQgcGVyZmVjdCBtYXRjaGluZyBvZiBmYXVsdC10b2xlcmFudDsgRm93bGVyOyAyMDE1LnBkZgAAEwABLwAAFQACAA///wAAgAbSGxwdHlokY2xhc3NuYW1lWCRjbGFzc2VzXU5TTXV0YWJsZURhdGGjHR8gVk5TRGF0YVhOU09iamVjdNIbHCIjXE5TRGljdGlvbmFyeaIiIF8QD05TS2V5ZWRBcmNoaXZlctEmJ1Ryb290gAEACAARABoAIwAtADIANwBAAEYATQBVAGAAZwBqAGwAbgBxAHMAdQB3AIQAjgDeAOMA6wMtAy8DNAM/A0gDVgNaA2EDagNvA3wDfwORA5QDmQAAAAAAAAIBAAAAAAAAACgAAAAAAAAAAAAAAAAAAAOb}}

@article{Anwar2014,
	Archiveprefix = {arXiv},
	Author = {Hussain Anwar and Benjamin J Brown and Earl T Campbell and Dan E Browne},
	Date-Added = {2015-05-06 08:50:04 +0000},
	Date-Modified = {2015-05-06 08:50:04 +0000},
	Doi = {10.1088/1367-2630/16/6/063038},
	Eprint = {1311.4895},
	Journal = {New J. Phys.},
	Month = {jun},
	Number = {6},
	Pages = {063038},
	Title = {Fast decoders for qudit topological codes},
	Volume = {16},
	Year = {2014},
	Bdsk-Url-1 = {http://dx.doi.org/10.1088/1367-2630/16/6/063038}}

@article{Wootton2012,
	Abstract = {An algorithm is presented for error correction in the surface code quantum memory. This is shown to correct depolarizing noise up to a threshold error rate of 18.5%, exceeding previous results and coming close to the upper bound of 18.9%. The time complexity of the algorithm is found to be polynomial with error suppression, allowing efficient error correction for codes of realistic sizes.},
	Author = {Wootton, James R. and Loss, Daniel},
	Date-Added = {2015-05-06 08:42:39 +0000},
	Date-Modified = {2015-05-06 08:42:39 +0000},
	Doi = {10.1103/PhysRevLett.109.160503},
	Eprint = {1202.4316},
	Journal = {Phys. Rev. Lett.},
	Number = {16},
	Pages = {160503},
	Title = {High threshold error correction for the surface code},
	Url = {http://arxiv.org/abs/1202.4316},
	Volume = {109},
	Year = {2012},
	Bdsk-File-1 = {YnBsaXN0MDDUAQIDBAUGJCVYJHZlcnNpb25YJG9iamVjdHNZJGFyY2hpdmVyVCR0b3ASAAGGoKgHCBMUFRYaIVUkbnVsbNMJCgsMDxJXTlMua2V5c1pOUy5vYmplY3RzViRjbGFzc6INDoACgAOiEBGABIAFgAdccmVsYXRpdmVQYXRoWWFsaWFzRGF0YV8QSi4uL1BhcGVycy9IaWdoIHRocmVzaG9sZCBlcnJvciBjb3JyZWN0aW9uIGZvciB0aGU7IFdvb3R0b24sIExvc3M7IDIwMTIucGRm0hcLGBlXTlMuZGF0YU8RAjQAAAAAAjQAAgAADE1hY2ludG9zaCBIRAAAAAAAAAAAAAAAAAAAANBc3BdIKwAAAApjoh9IaWdoIHRocmVzaG9sZCBlcnJvciAjQTY1NTUucGRmAAAAAAAAAAAAAAAAAAAAAAAAAAAAAAAAAAAAAAAAAAAACmVVzNWFYgAAAAAAAAAAAAEAAgAACSAAAAAAAAAAAAAAAAAAAAAGUGFwZXJzABAACAAA0FxBZwAAABEACAAAzNTqsgAAAAEAEAAKY6IACfS0AAlAzQACk9UAAgBOTWFjaW50b3NoIEhEOlVzZXJzOgBzZmxhbW1pYToARHJvcGJveDoAUGFwZXJzOgBIaWdoIHRocmVzaG9sZCBlcnJvciAjQTY1NTUucGRmAA4AggBAAEgAaQBnAGgAIAB0AGgAcgBlAHMAaABvAGwAZAAgAGUAcgByAG8AcgAgAGMAbwByAHIAZQBjAHQAaQBvAG4AIABmAG8AcgAgAHQAaABlADsAIABXAG8AbwB0AHQAbwBuACwAIABMAG8AcwBzADsAIAAyADAAMQAyAC4AcABkAGYADwAaAAwATQBhAGMAaQBuAHQAbwBzAGgAIABIAEQAEgBeVXNlcnMvc2ZsYW1taWEvRHJvcGJveC9QYXBlcnMvSGlnaCB0aHJlc2hvbGQgZXJyb3IgY29ycmVjdGlvbiBmb3IgdGhlOyBXb290dG9uLCBMb3NzOyAyMDEyLnBkZgATAAEvAAAVAAIAD///AACABtIbHB0eWiRjbGFzc25hbWVYJGNsYXNzZXNdTlNNdXRhYmxlRGF0YaMdHyBWTlNEYXRhWE5TT2JqZWN00hscIiNcTlNEaWN0aW9uYXJ5oiIgXxAPTlNLZXllZEFyY2hpdmVy0SYnVHJvb3SAAQAIABEAGgAjAC0AMgA3AEAARgBNAFUAYABnAGoAbABuAHEAcwB1AHcAhACOANsA4ADoAyADIgMnAzIDOwNJA00DVANdA2IDbwNyA4QDhwOMAAAAAAAAAgEAAAAAAAAAKAAAAAAAAAAAAAAAAAAAA44=},
	Bdsk-Url-1 = {http://arxiv.org/abs/1202.4316}}

@article{Pfeifer2010,
	Archiveprefix = {arXiv},
	Author = {Pfeifer, R. N. C. and Corboz, P. and Buerschaper, O. and Aguado, M. and Troyer, M. and Vidal, G.},
	Date-Added = {2015-05-06 08:26:41 +0000},
	Date-Modified = {2015-05-06 08:26:41 +0000},
	Doi = {10.1103/PhysRevB.82.115126},
	Eprint = {1006.3532},
	Issue = {11},
	Journal = {Phys. Rev. B},
	Month = {Sep},
	Numpages = {16},
	Pages = {115126},
	Title = {Simulation of anyons with tensor network algorithms},
	Volume = {82},
	Year = {2010},
	Bdsk-File-1 = {YnBsaXN0MDDUAQIDBAUGJCVYJHZlcnNpb25YJG9iamVjdHNZJGFyY2hpdmVyVCR0b3ASAAGGoKgHCBMUFRYaIVUkbnVsbNMJCgsMDxJXTlMua2V5c1pOUy5vYmplY3RzViRjbGFzc6INDoACgAOiEBGABIAFgAdccmVsYXRpdmVQYXRoWWFsaWFzRGF0YV8QXC4uL1BhcGVycy9TaW11bGF0aW9uIG9mIGFueW9ucyB3aXRoIHRlbnNvciBuZXR3b3JrOyBQZmVpZmVyLCBDb3Jib3osIEJ1ZXJzY2hhcGVyLCs7IDIwMTAucGRm0hcLGBlXTlMuZGF0YU8RAmoAAAAAAmoAAgAADE1hY2ludG9zaCBIRAAAAAAAAAAAAAAAAAAAANBc3BdIKwAAAApjoh9TaW11bGF0aW9uIG9mIGFueW9ucyAjQTY3ODkucGRmAAAAAAAAAAAAAAAAAAAAAAAAAAAAAAAAAAAAAAAAAAAACmeJzcVq5QAAAAAAAAAAAAEAAgAACSAAAAAAAAAAAAAAAAAAAAAGUGFwZXJzABAACAAA0FxBZwAAABEACAAAzcTeRQAAAAEAEAAKY6IACfS0AAlAzQACk9UAAgBOTWFjaW50b3NoIEhEOlVzZXJzOgBzZmxhbW1pYToARHJvcGJveDoAUGFwZXJzOgBTaW11bGF0aW9uIG9mIGFueW9ucyAjQTY3ODkucGRmAA4ApgBSAFMAaQBtAHUAbABhAHQAaQBvAG4AIABvAGYAIABhAG4AeQBvAG4AcwAgAHcAaQB0AGgAIAB0AGUAbgBzAG8AcgAgAG4AZQB0AHcAbwByAGsAOwAgAFAAZgBlAGkAZgBlAHIALAAgAEMAbwByAGIAbwB6ACwAIABCAHUAZQByAHMAYwBoAGEAcABlAHIALAArADsAIAAyADAAMQAwAC4AcABkAGYADwAaAAwATQBhAGMAaQBuAHQAbwBzAGgAIABIAEQAEgBwVXNlcnMvc2ZsYW1taWEvRHJvcGJveC9QYXBlcnMvU2ltdWxhdGlvbiBvZiBhbnlvbnMgd2l0aCB0ZW5zb3IgbmV0d29yazsgUGZlaWZlciwgQ29yYm96LCBCdWVyc2NoYXBlciwrOyAyMDEwLnBkZgATAAEvAAAVAAIAD///AACABtIbHB0eWiRjbGFzc25hbWVYJGNsYXNzZXNdTlNNdXRhYmxlRGF0YaMdHyBWTlNEYXRhWE5TT2JqZWN00hscIiNcTlNEaWN0aW9uYXJ5oiIgXxAPTlNLZXllZEFyY2hpdmVy0SYnVHJvb3SAAQAIABEAGgAjAC0AMgA3AEAARgBNAFUAYABnAGoAbABuAHEAcwB1AHcAhACOAO0A8gD6A2gDagNvA3oDgwORA5UDnAOlA6oDtwO6A8wDzwPUAAAAAAAAAgEAAAAAAAAAKAAAAAAAAAAAAAAAAAAAA9Y=},
	Bdsk-Url-1 = {http://dx.doi.org/10.1103/PhysRevB.82.115126}}

@article{Brown2015,
	Archiveprefix = {arXiv},
	Author = {Brown, Benjamin J. and Loss, Daniel and Pachos, Jiannis K. and Self, Chris N. and Wootton, James R.},
	Date-Added = {2015-04-30 11:34:05 +0000},
	Date-Modified = {2015-04-30 11:34:05 +0000},
	Eprint = {1411.6643},
	Title = {Quantum Memories at Finite Temperature},
	Year = {2015},
	Bdsk-File-1 = {YnBsaXN0MDDUAQIDBAUGJCVYJHZlcnNpb25YJG9iamVjdHNZJGFyY2hpdmVyVCR0b3ASAAGGoKgHCBMUFRYaIVUkbnVsbNMJCgsMDxJXTlMua2V5c1pOUy5vYmplY3RzViRjbGFzc6INDoACgAOiEBGABIAFgAdccmVsYXRpdmVQYXRoWWFsaWFzRGF0YV8QUS4uL1BhcGVycy9RdWFudHVtIE1lbW9yaWVzIGF0IEZpbml0ZSBUZW1wZXJhdHVyZTsgQnJvd24sIExvc3MsIFBhY2hvcywrOyAyMDE1LnBkZtIXCxgZV05TLmRhdGFPEQJKAAAAAAJKAAIAAAxNYWNpbnRvc2ggSEQAAAAAAAAAAAAAAAAAAADQXNwXSCsAAAAKY6IfUXVhbnR1bSBNZW1vcmllcyBhdCAjNERCRDYyLnBkZgAAAAAAAAAAAAAAAAAAAAAAAAAAAAAAAAAAAAAAAAAAAE29YtCbfsUAAAAAAAAAAAABAAIAAAkgAAAAAAAAAAAAAAAAAAAABlBhcGVycwAQAAgAANBcQWcAAAARAAgAANCa5BUAAAABABAACmOiAAn0tAAJQM0AApPVAAIATk1hY2ludG9zaCBIRDpVc2VyczoAc2ZsYW1taWE6AERyb3Bib3g6AFBhcGVyczoAUXVhbnR1bSBNZW1vcmllcyBhdCAjNERCRDYyLnBkZgAOAJAARwBRAHUAYQBuAHQAdQBtACAATQBlAG0AbwByAGkAZQBzACAAYQB0ACAARgBpAG4AaQB0AGUAIABUAGUAbQBwAGUAcgBhAHQAdQByAGUAOwAgAEIAcgBvAHcAbgAsACAATABvAHMAcwAsACAAUABhAGMAaABvAHMALAArADsAIAAyADAAMQA1AC4AcABkAGYADwAaAAwATQBhAGMAaQBuAHQAbwBzAGgAIABIAEQAEgBlVXNlcnMvc2ZsYW1taWEvRHJvcGJveC9QYXBlcnMvUXVhbnR1bSBNZW1vcmllcyBhdCBGaW5pdGUgVGVtcGVyYXR1cmU7IEJyb3duLCBMb3NzLCBQYWNob3MsKzsgMjAxNS5wZGYAABMAAS8AABUAAgAP//8AAIAG0hscHR5aJGNsYXNzbmFtZVgkY2xhc3Nlc11OU011dGFibGVEYXRhox0fIFZOU0RhdGFYTlNPYmplY3TSGxwiI1xOU0RpY3Rpb25hcnmiIiBfEA9OU0tleWVkQXJjaGl2ZXLRJidUcm9vdIABAAgAEQAaACMALQAyADcAQABGAE0AVQBgAGcAagBsAG4AcQBzAHUAdwCEAI4A4gDnAO8DPQM/A0QDTwNYA2YDagNxA3oDfwOMA48DoQOkA6kAAAAAAAACAQAAAAAAAAAoAAAAAAAAAAAAAAAAAAADqw==}}

@article{Terhal2015,
	Abstract = {This is a pedagogical review of the formalism of stabilizer codes and their possible use in protecting quantum information. We discuss several codes of particular physical interest such as the qubit-into-oscillator code, 2D topological error correction and 2D subsystem codes. The emphasis in this review is on the use of such codes as a quantum memory although we also discuss fault-tolerance theory and quantum universality.},
	Archiveprefix = {arXiv},
	Author = {Terhal, Barbara M.},
	Date-Added = {2015-04-30 11:34:05 +0000},
	Date-Modified = {2015-05-06 08:33:38 +0000},
	Doi = {10.1103/RevModPhys.87.307},
	Eprint = {1302.3428},
	Journal = {Rev. Mod. Phys.},
	Month = {02},
	Pages = {307},
	Title = {Quantum Error Correction for Quantum Memories},
	Url = {http://arxiv.org/abs/1302.3428},
	Volume = {87},
	Year = {2015},
	Bdsk-File-1 = {YnBsaXN0MDDUAQIDBAUGJCVYJHZlcnNpb25YJG9iamVjdHNZJGFyY2hpdmVyVCR0b3ASAAGGoKgHCBMUFRYaIVUkbnVsbNMJCgsMDxJXTlMua2V5c1pOUy5vYmplY3RzViRjbGFzc6INDoACgAOiEBGABIAFgAdccmVsYXRpdmVQYXRoWWFsaWFzRGF0YV8QTC4uLy4uLy5UcmFzaC9RdWFudHVtIEVycm9yIENvcnJlY3Rpb24gZm9yIFF1YW50dW0gTWVtb3JpZXM7IFRlcmhhbDsgMjAxNS5wZGbSFwsYGVdOUy5kYXRhTxECHgAAAAACHgACAAAMTWFjaW50b3NoIEhEAAAAAAAAAAAAAAAAAAAA0FzcF0grAAABAri+H1F1YW50dW0gRXJyb3IgQ29ycmVjI0FGODRFQS5wZGYAAAAAAAAAAAAAAAAAAAAAAAAAAAAAAAAAAAAAAAAAAACvhOrRBSg2AAAAAAAAAAAAAgACAAAJIAAAAAAAAAAAAAAAAAAAAAYuVHJhc2gAEAAIAADQXEFnAAAAEQAIAADRBI2GAAAAAQAMAQK4vgAJQM0AApPVAAIARU1hY2ludG9zaCBIRDpVc2VyczoAc2ZsYW1taWE6AC5UcmFzaDoAUXVhbnR1bSBFcnJvciBDb3JyZWMjQUY4NEVBLnBkZgAADgCAAD8AUQB1AGEAbgB0AHUAbQAgAEUAcgByAG8AcgAgAEMAbwByAHIAZQBjAHQAaQBvAG4AIABmAG8AcgAgAFEAdQBhAG4AdAB1AG0AIABNAGUAbQBvAHIAaQBlAHMAOwAgAFQAZQByAGgAYQBsADsAIAAyADAAMQA1AC4AcABkAGYADwAaAAwATQBhAGMAaQBuAHQAbwBzAGgAIABIAEQAEgBVVXNlcnMvc2ZsYW1taWEvLlRyYXNoL1F1YW50dW0gRXJyb3IgQ29ycmVjdGlvbiBmb3IgUXVhbnR1bSBNZW1vcmllczsgVGVyaGFsOyAyMDE1LnBkZgAAEwABLwAAFQACAA///wAAgAbSGxwdHlokY2xhc3NuYW1lWCRjbGFzc2VzXU5TTXV0YWJsZURhdGGjHR8gVk5TRGF0YVhOU09iamVjdNIbHCIjXE5TRGljdGlvbmFyeaIiIF8QD05TS2V5ZWRBcmNoaXZlctEmJ1Ryb290gAEACAARABoAIwAtADIANwBAAEYATQBVAGAAZwBqAGwAbgBxAHMAdQB3AIQAjgDdAOIA6gMMAw4DEwMeAycDNQM5A0ADSQNOA1sDXgNwA3MDeAAAAAAAAAIBAAAAAAAAACgAAAAAAAAAAAAAAAAAAAN6},
	Bdsk-Url-1 = {http://arxiv.org/abs/1302.3428}}

@article{Mong2014,
	Archiveprefix = {arXiv},
	Author = {Mong, Roger S. K. and Clarke, David J. and Alicea, Jason and Lindner, Netanel H. and Fendley, Paul and Nayak, Chetan and Oreg, Yuval and Stern, Ady and Berg, Erez and Shtengel, Kirill and Fisher, Matthew P. A.},
	Date-Added = {2014-12-16 20:59:31 +0000},
	Date-Modified = {2014-12-16 20:59:31 +0000},
	Doi = {10.1103/PhysRevX.4.011036},
	Eprint = {1307.4403},
	Issue = {1},
	Journal = {Phys. Rev. X},
	Month = {Mar},
	Numpages = {41},
	Pages = {011036},
	Title = {Universal Topological Quantum Computation from a Superconductor-Abelian Quantum Hall Heterostructure},
	Volume = {4},
	Year = {2014},
	Bdsk-Url-1 = {http://dx.doi.org/10.1103/PhysRevX.4.011036}}

@book{Grimmett1989,
	Author = {Grimmett, G.},
	Date-Added = {2014-12-08 02:59:14 +0000},
	Date-Modified = {2014-12-08 02:59:14 +0000},
	Edition = {2nd},
	Publisher = {Springer},
	Title = {Percolation},
	Year = {1989}}

@article{Kapit2013,
	Archiveprefix = {arXiv},
	Author = {Kapit, Eliot and Simon, Steven},
	Date-Added = {2014-12-04 05:37:35 +0000},
	Date-Modified = {2014-12-04 05:37:35 +0000},
	Doi = {10.1103/PhysRevB.88.184409},
	Eprint = {1307.3485},
	Issue = {18},
	Journal = {Phys. Rev. B},
	Month = {Nov},
	Numpages = {5},
	Pages = {184409},
	Title = {Three- and four-body interactions from two-body interactions in spin models: A route to Abelian and non-Abelian fractional Chern insulators},
	Volume = {88},
	Year = {2013},
	Bdsk-Url-1 = {http://dx.doi.org/10.1103/PhysRevB.88.184409}}

@article{Palumbo2014,
	Archiveprefix = {arXiv},
	Author = {Palumbo, Giandomenico and Pachos, Jiannis K.},
	Date-Added = {2014-12-04 05:35:36 +0000},
	Date-Modified = {2014-12-04 05:35:37 +0000},
	Doi = {10.1103/PhysRevD.90.027703},
	Eprint = {1311.2871},
	Issue = {2},
	Journal = {Phys. Rev. D},
	Month = {Jul},
	Numpages = {5},
	Pages = {027703},
	Title = {Non-Abelian Chern-Simons theory from a Hubbard-like model},
	Volume = {90},
	Year = {2014},
	Bdsk-Url-1 = {http://dx.doi.org/10.1103/PhysRevD.90.027703}}

@article{Trebst2008,
	Archiveprefix = {arXiv},
	Author = {Trebst, Simon and Troyer, Matthias and Wang, Zhenghan and Ludwig, Andreas W.W.},
	Date-Added = {2014-12-04 03:29:52 +0000},
	Date-Modified = {2014-12-04 03:29:52 +0000},
	Doi = {10.1143/ptps.176.384},
	Eprint = {0902.3275},
	Journal = {Prog. Theor. Phys. Supp.},
	Pages = {384},
	Title = {A short introduction to Fibonacci anyon models},
	Volume = {176},
	Year = {2008},
	Bdsk-File-1 = {YnBsaXN0MDDUAQIDBAUGJCVYJHZlcnNpb25YJG9iamVjdHNZJGFyY2hpdmVyVCR0b3ASAAGGoKgHCBMUFRYaIVUkbnVsbNMJCgsMDxJXTlMua2V5c1pOUy5vYmplY3RzViRjbGFzc6INDoACgAOiEBGABIAFgAdccmVsYXRpdmVQYXRoWWFsaWFzRGF0YV8QWC4uL1BhcGVycy9zaG9ydCBpbnRyb2R1Y3Rpb24gdG8gRmlib25hY2NpIGFueW9uIG1vZGVsczsgVHJlYnN0LCBUcm95ZXIsIFdhbmcsKzsgMjAwOC5wZGbSFwsYGVdOUy5kYXRhTxECXgAAAAACXgACAAAMTWFjaW50b3NoIEhEAAAAAAAAAAAAAAAAAAAA0FzcF0grAAAACmOiH3Nob3J0IGludHJvZHVjdGlvbiB0byNBNjc3OC5wZGYAAAAAAAAAAAAAAAAAAAAAAAAAAAAAAAAAAAAAAAAAAAAKZ3jFwvJQAAAAAAAAAAAAAQACAAAJIAAAAAAAAAAAAAAAAAAAAAZQYXBlcnMAEAAIAADQXEFnAAAAEQAIAADFwlegAAAAAQAQAApjogAJ9LQACUDNAAKT1QACAE5NYWNpbnRvc2ggSEQ6VXNlcnM6AHNmbGFtbWlhOgBEcm9wYm94OgBQYXBlcnM6AHNob3J0IGludHJvZHVjdGlvbiB0byNBNjc3OC5wZGYADgCeAE4AcwBoAG8AcgB0ACAAaQBuAHQAcgBvAGQAdQBjAHQAaQBvAG4AIAB0AG8AIABGAGkAYgBvAG4AYQBjAGMAaQAgAGEAbgB5AG8AbgAgAG0AbwBkAGUAbABzADsAIABUAHIAZQBiAHMAdAAsACAAVAByAG8AeQBlAHIALAAgAFcAYQBuAGcALAArADsAIAAyADAAMAA4AC4AcABkAGYADwAaAAwATQBhAGMAaQBuAHQAbwBzAGgAIABIAEQAEgBsVXNlcnMvc2ZsYW1taWEvRHJvcGJveC9QYXBlcnMvc2hvcnQgaW50cm9kdWN0aW9uIHRvIEZpYm9uYWNjaSBhbnlvbiBtb2RlbHM7IFRyZWJzdCwgVHJveWVyLCBXYW5nLCs7IDIwMDgucGRmABMAAS8AABUAAgAP//8AAIAG0hscHR5aJGNsYXNzbmFtZVgkY2xhc3Nlc11OU011dGFibGVEYXRhox0fIFZOU0RhdGFYTlNPYmplY3TSGxwiI1xOU0RpY3Rpb25hcnmiIiBfEA9OU0tleWVkQXJjaGl2ZXLRJidUcm9vdIABAAgAEQAaACMALQAyADcAQABGAE0AVQBgAGcAagBsAG4AcQBzAHUAdwCEAI4A6QDuAPYDWANaA18DagNzA4EDhQOMA5UDmgOnA6oDvAO/A8QAAAAAAAACAQAAAAAAAAAoAAAAAAAAAAAAAAAAAAADxg==}}

@book{Wang2010b,
	Author = {Zhenghan Wang},
	Date-Added = {2014-12-03 23:00:45 +0000},
	Date-Modified = {2014-12-03 23:00:50 +0000},
	Isbn = {0821849301},
	Isbook = {1},
	Publisher = {American Mathematical Society},
	Title = {Topological quantum computation},
	Year = {2010},
	Bdsk-File-1 = {YnBsaXN0MDDUAQIDBAUGJCVYJHZlcnNpb25YJG9iamVjdHNZJGFyY2hpdmVyVCR0b3ASAAGGoKgHCBMUFRYaIVUkbnVsbNMJCgsMDxJXTlMua2V5c1pOUy5vYmplY3RzViRjbGFzc6INDoACgAOiEBGABIAFgAdccmVsYXRpdmVQYXRoWWFsaWFzRGF0YV8QOC4uL0Jvb2tzL1RvcG9sb2dpY2FsIHF1YW50dW0gY29tcHV0YXRpb247IFdhbmc7IDIwMTAucGRm0hcLGBlXTlMuZGF0YU8RAgAAAAAAAgAAAgAADE1hY2ludG9zaCBIRAAAAAAAAAAAAAAAAAAAANBc3BdIKwAAAAoPBh9Ub3BvbG9naWNhbCBxdWFudHVtIGMjQTEyQUUucGRmAAAAAAAAAAAAAAAAAAAAAAAAAAAAAAAAAAAAAAAAAAAAChKuzaAbTAAAAAAAAAAAAAEAAgAACSAAAAAAAAAAAAAAAAAAAAAFQm9va3MAABAACAAA0FxBZwAAABEACAAAzZ+OrAAAAAEAEAAKDwYACfS0AAlAzQACk9UAAgBNTWFjaW50b3NoIEhEOlVzZXJzOgBzZmxhbW1pYToARHJvcGJveDoAQm9va3M6AFRvcG9sb2dpY2FsIHF1YW50dW0gYyNBMTJBRS5wZGYAAA4AYAAvAFQAbwBwAG8AbABvAGcAaQBjAGEAbAAgAHEAdQBhAG4AdAB1AG0AIABjAG8AbQBwAHUAdABhAHQAaQBvAG4AOwAgAFcAYQBuAGcAOwAgADIAMAAxADAALgBwAGQAZgAPABoADABNAGEAYwBpAG4AdABvAHMAaAAgAEgARAASAExVc2Vycy9zZmxhbW1pYS9Ecm9wYm94L0Jvb2tzL1RvcG9sb2dpY2FsIHF1YW50dW0gY29tcHV0YXRpb247IFdhbmc7IDIwMTAucGRmABMAAS8AABUAAgAP//8AAIAG0hscHR5aJGNsYXNzbmFtZVgkY2xhc3Nlc11OU011dGFibGVEYXRhox0fIFZOU0RhdGFYTlNPYmplY3TSGxwiI1xOU0RpY3Rpb25hcnmiIiBfEA9OU0tleWVkQXJjaGl2ZXLRJidUcm9vdIABAAgAEQAaACMALQAyADcAQABGAE0AVQBgAGcAagBsAG4AcQBzAHUAdwCEAI4AyQDOANYC2gLcAuEC7AL1AwMDBwMOAxcDHAMpAywDPgNBA0YAAAAAAAACAQAAAAAAAAAoAAAAAAAAAAAAAAAAAAADSA==}}

@article{Hutter2014,
	Archiveprefix = {arXiv},
	Author = {Hutter, Adrian and Loss, Daniel and Wootton, James R},
	Date-Modified = {2014-12-04 00:41:29 +0000},
	Eprint = {1410.4478},
	Title = {Improved HDRG decoders for qudit and non-Abelian quantum error correction},
	Year = {2014}}

@article{Levin2005,
	Archiveprefix = {arXiv},
	Author = {Levin, Michael A. and Wen, Xiao-Gang},
	Date-Modified = {2014-12-04 05:33:34 +0000},
	Doi = {10.1103/PhysRevB.71.045110},
	Eprint = {cond-mat/0404617},
	Issue = {4},
	Journal = {Phys. Rev. B},
	Month = {Jan},
	Numpages = {21},
	Pages = {045110},
	Publisher = {American Physical Society},
	Title = {String-net condensation: A physical mechanism for topological phases},
	Url = {http://link.aps.org/doi/10.1103/PhysRevB.71.045110},
	Volume = {71},
	Year = {2005},
	Bdsk-Url-1 = {http://link.aps.org/doi/10.1103/PhysRevB.71.045110},
	Bdsk-Url-2 = {http://dx.doi.org/10.1103/PhysRevB.71.045110}}

@article{Slingerland2001,
	Archiveprefix = {arXiv},
	Author = {Slingerland, J. K. and Bais, F. A.},
	Date-Modified = {2014-12-04 05:32:00 +0000},
	Doi = {10.1016/S0550-3213(01)00308-X},
	Eprint = {cond-mat/0104035},
	Journal = {Nucl. Phys. B},
	Number = {3},
	Pages = {229--290},
	Title = {Quantum groups and non-Abelian braiding in quantum Hall systems},
	Url = {http://www.sciencedirect.com/science/article/pii/S055032130100308X},
	Volume = {612},
	Year = {2001},
	Bdsk-Url-1 = {http://www.sciencedirect.com/science/article/pii/S055032130100308X},
	Bdsk-Url-2 = {http://dx.doi.org/10.1016/S0550-3213(01)00308-X}}

@article{Freedman2002,
	Archiveprefix = {arXiv},
	Author = {Freedman, Michael H and Larsen, Michael and Wang, Zhenghan},
	Date-Modified = {2014-12-03 07:22:05 +0000},
	Doi = {10.1007/s002200200645},
	Eprint = {quant-ph/0001108},
	Journal = {Comm. Math. Phys.},
	Number = {3},
	Pages = {605--622},
	Publisher = {Springer},
	Title = {A Modular Functor Which is Universal for Quantum Computation},
	Volume = {227},
	Year = {2002},
	Bdsk-Url-1 = {http://dx.doi.org/10.1007/s002200200645}}

@article{Brell2013,
	Archiveprefix = {arXiv},
	Author = {Brell, Courtney G. and Burton, Simon and Dauphinais, Guillaume and Flammia, Steven T. and Poulin, David},
	Date-Modified = {2014-12-04 00:40:21 +0000},
	Doi = {10.1103/PhysRevX.4.031058},
	Eprint = {1311.0019},
	Journal = {Phys. Rev. X},
	Pages = {031058},
	Title = {Thermalization, Error-Correction, and Memory Lifetime for Ising Anyon Systems},
	Volume = {4},
	Year = {2014},
	Bdsk-Url-1 = {http://dx.doi.org/10.1103/PhysRevX.4.031058}}

@article{BR07a,
	Archiveprefix = {arXiv},
	Author = {Bravyi, Sergey and Raussendorf, Robert},
	Date-Added = {2010-05-05 09:29:23 -0400},
	Date-Modified = {2013-10-31 20:01:51 +0000},
	Eprint = {quant-ph/0610162},
	Journal = {Phys. Rev. A},
	Keywords = {Topological QC},
	Pages = {022304},
	Title = {Measurement-based quantum computation with the toric code states},
	Volume = {76},
	Year = {2007},
	Bdsk-Url-1 = {http://dx.doi.org/10.1103/PhysRevA.76.022304}}

@article{AnwarInPrep,
	Author = {H. Anwar, B. Brown, E. Campbell and D. Browne},
	Journal = {In Preparation}}

@article{Wootton2013b,
	Archiveprefix = {arXiv},
	Author = {Wootton, James R},
	Date-Modified = {2013-10-31 20:02:36 +0000},
	Eprint = {1310.2393},
	Title = {A simple decoder for topological codes},
	Year = {2013}}

@article{Oshikawa2007,
	Archiveprefix = {arXiv},
	Author = {Masaki Oshikawa and Yong Baek Kim and Kirill Shtengel and Chetan Nayak and Sumanta Tewari},
	Date-Added = {2013-10-23 12:04:36 +0000},
	Date-Modified = {2013-10-23 12:05:00 +0000},
	Doi = {10.1016/j.aop.2006.08.001},
	Eprint = {cond-mat/0607743},
	Journal = {Ann. Phys},
	Number = {6},
	Pages = {1477--1498},
	Title = {Topological degeneracy of non-{A}belian states for dummies},
	Volume = {322},
	Year = {2007},
	Bdsk-Url-1 = {http://dx.doi.org/10.1016/j.aop.2006.08.001}}

@article{Pastawski2010,
	Archiveprefix = {arXiv},
	Author = {Pastawski, Fernando and Kay, Alastair and Schuch, Norbert and Cirac, J. Ignacio},
	Date-Modified = {2014-12-04 00:33:52 +0000},
	Eprint = {0911.3843},
	Journal = {Quant. Inf. Comput.},
	Pages = {580},
	Title = {{Limitations of Passive Protection of Quantum Informaiton}},
	Volume = {10},
	Year = {2010}}

@article{Kovalev2013,
	Archiveprefix = {arXiv},
	Author = {Kovalev, Alexey A. and Pryadko, Leonid P.},
	Date-Added = {2013-10-21 07:23:43 +0000},
	Date-Modified = {2013-10-21 07:23:57 +0000},
	Doi = {10.1103/PhysRevA.87.020304},
	Eprint = {1208.2317},
	Issue = {2},
	Journal = {Phys. Rev. A},
	Month = {Feb},
	Numpages = {5},
	Pages = {020304},
	Title = {Fault tolerance of quantum low-density parity check codes with sublinear distance scaling},
	Volume = {87},
	Year = {2013},
	Bdsk-Url-1 = {http://dx.doi.org/10.1103/PhysRevA.87.020304}}

@article{Freedman2002b,
	Archiveprefix = {arXiv},
	Author = {Freedman, M. H. and Kitaev, A. and Wang, Z.},
	Date-Added = {2013-10-21 04:21:04 +0000},
	Date-Modified = {2013-10-21 07:10:48 +0000},
	Doi = {10.1007/s002200200635},
	Eprint = {quant-ph/0001071},
	Journal = {Comm. Math. Phys.},
	Pages = {587--603},
	Title = {Simulation of topological field theories by quantum computers},
	Volume = {227},
	Year = {2002},
	Bdsk-Url-1 = {http://dx.doi.org/10.1007/s002200200635}}

@article{Barkeshli2013,
	Archiveprefix = {arXiv},
	Author = {Barkeshli, Maissam and Jian, Chao-Ming and Qi, Xiao-Liang},
	Date-Added = {2013-10-20 03:04:16 +0000},
	Date-Modified = {2013-10-20 03:13:48 +0000},
	Eprint = {1304.7579},
	Title = {Classification of topological defects in {A}belian topological states},
	Year = {2013}}

@article{Levin2013,
	Archiveprefix = {arXiv},
	Author = {Levin, Michael},
	Date-Added = {2013-10-20 03:04:16 +0000},
	Date-Modified = {2013-10-20 03:04:16 +0000},
	Doi = {10.1103/PhysRevX.3.021009},
	Eprint = {1301.7355},
	Issue = {2},
	Journal = {Phys. Rev. X},
	Month = {May},
	Numpages = {18},
	Pages = {021009},
	Publisher = {American Physical Society},
	Title = {Protected Edge Modes without Symmetry},
	Url = {http://link.aps.org/doi/10.1103/PhysRevX.3.021009},
	Volume = {3},
	Year = {2013},
	Bdsk-Url-1 = {http://link.aps.org/doi/10.1103/PhysRevX.3.021009},
	Bdsk-Url-2 = {http://dx.doi.org/10.1103/PhysRevX.3.021009}}

@article{Koenig2010b,
	Archiveprefix = {arXiv},
	Author = {Robert Koenig and Greg Kuperberg and Ben W. Reichardt},
	Date-Added = {2013-10-20 02:54:35 +0000},
	Date-Modified = {2013-10-20 02:54:35 +0000},
	Doi = {http://dx.doi.org/10.1016/j.aop.2010.08.001},
	Eprint = {1002.2816},
	Journal = {Ann. Phys.},
	Number = {12},
	Pages = {2707--2749},
	Title = {Quantum computation with {T}uraev-{V}iro codes},
	Volume = {325},
	Year = {2010},
	Bdsk-Url-1 = {http://dx.doi.org/10.1016/j.aop.2010.08.001}}

@article{Zatloukal2012,
	Abstract = {The quasi one-dimensional transport of Abelian and non-Abelian anyons is studied in the presence of a random topological background. In particular, we consider the quantum walk of an anyon that braids around islands of randomly filled static anyons of the same type. Two distinct behaviours are identified. We analytically demonstrate that all types of Abelian anyons localise purely due to the statistical phases induced by their random anyonic environment. In contrast, we numerically show that non-Abelian Ising anyons do not localise. This is due to their entanglement with the anyonic environment that effectively induces dephasing. Our study demonstrates that localisation properties strongly depend on non-local topological interactions and it provides a clear distinction in the transport properties of Abelian and non-Abelian statistics.},
	Archiveprefix = {arXiv},
	Author = {V. Zatloukal and L. Lehman and S. Singh and J. K. Pachos and G. K. Brennen},
	Date-Added = {2013-10-20 02:54:08 +0000},
	Date-Modified = {2013-10-20 02:54:08 +0000},
	Eprint = {1207.5000},
	Month = {07},
	Title = {Transport properties of anyons in random topological environments},
	Url = {http://arxiv.org/abs/1207.5000},
	Year = {2012},
	Bdsk-File-1 = {YnBsaXN0MDDUAQIDBAUGJCVYJHZlcnNpb25YJG9iamVjdHNZJGFyY2hpdmVyVCR0b3ASAAGGoKgHCBMUFRYaIVUkbnVsbNMJCgsMDxJXTlMua2V5c1pOUy5vYmplY3RzViRjbGFzc6INDoACgAOiEBGABIAFgAdccmVsYXRpdmVQYXRoWWFsaWFzRGF0YV8QWC4uL1BhcGVycy9UcmFuc3BvcnQgcHJvcGVydGllcyBvZiBhbnlvbnMgaW4gcmFuZG9tOyBaYXRsb3VrYWwsIExlaG1hbiwgU2luZ2gsKzsgMjAxMi5wZGbSFwsYGVdOUy5kYXRhTxECXgAAAAACXgACAAAMTWFjaW50b3NoIEhEAAAAAAAAAAAAAAAAAAAA0FzcF0grAAAACmOiH1RyYW5zcG9ydCBwcm9wZXJ0aWVzICNBNjgzMS5wZGYAAAAAAAAAAAAAAAAAAAAAAAAAAAAAAAAAAAAAAAAAAAAKaDHNd5UOAAAAAAAAAAAAAQACAAAJIAAAAAAAAAAAAAAAAAAAAAZQYXBlcnMAEAAIAADQXEFnAAAAEQAIAADNdvpeAAAAAQAQAApjogAJ9LQACUDNAAKT1QACAE5NYWNpbnRvc2ggSEQ6VXNlcnM6AHNmbGFtbWlhOgBEcm9wYm94OgBQYXBlcnM6AFRyYW5zcG9ydCBwcm9wZXJ0aWVzICNBNjgzMS5wZGYADgCeAE4AVAByAGEAbgBzAHAAbwByAHQAIABwAHIAbwBwAGUAcgB0AGkAZQBzACAAbwBmACAAYQBuAHkAbwBuAHMAIABpAG4AIAByAGEAbgBkAG8AbQA7ACAAWgBhAHQAbABvAHUAawBhAGwALAAgAEwAZQBoAG0AYQBuACwAIABTAGkAbgBnAGgALAArADsAIAAyADAAMQAyAC4AcABkAGYADwAaAAwATQBhAGMAaQBuAHQAbwBzAGgAIABIAEQAEgBsVXNlcnMvc2ZsYW1taWEvRHJvcGJveC9QYXBlcnMvVHJhbnNwb3J0IHByb3BlcnRpZXMgb2YgYW55b25zIGluIHJhbmRvbTsgWmF0bG91a2FsLCBMZWhtYW4sIFNpbmdoLCs7IDIwMTIucGRmABMAAS8AABUAAgAP//8AAIAG0hscHR5aJGNsYXNzbmFtZVgkY2xhc3Nlc11OU011dGFibGVEYXRhox0fIFZOU0RhdGFYTlNPYmplY3TSGxwiI1xOU0RpY3Rpb25hcnmiIiBfEA9OU0tleWVkQXJjaGl2ZXLRJidUcm9vdIABAAgAEQAaACMALQAyADcAQABGAE0AVQBgAGcAagBsAG4AcQBzAHUAdwCEAI4A6QDuAPYDWANaA18DagNzA4EDhQOMA5UDmgOnA6oDvAO/A8QAAAAAAAACAQAAAAAAAAAoAAAAAAAAAAAAAAAAAAADxg==},
	Bdsk-Url-1 = {http://arxiv.org/abs/1207.5000}}

@article{Brennen2010,
	Author = {Brennen, Gavin K. and Ellinas, Demosthenes and Kendon, Viv and Pachos, Jiannis K. and Tsohantjis, Ioannis and Wang, Zhenghan},
	Date-Added = {2013-10-20 02:53:55 +0000},
	Date-Modified = {2013-10-20 02:53:55 +0000},
	Doi = {10.1016/j.aop.2009.12.001},
	Eprint = {arXiv:0910.2974},
	Journal = {Ann. Phys.},
	Number = {3},
	Pages = {664--681},
	Title = {Anyonic quantum walks},
	Volume = {325},
	Year = {2010},
	Bdsk-File-1 = {YnBsaXN0MDDUAQIDBAUGJCVYJHZlcnNpb25YJG9iamVjdHNZJGFyY2hpdmVyVCR0b3ASAAGGoKgHCBMUFRYaIVUkbnVsbNMJCgsMDxJXTlMua2V5c1pOUy5vYmplY3RzViRjbGFzc6INDoACgAOiEBGABIAFgAdccmVsYXRpdmVQYXRoWWFsaWFzRGF0YV8QRS4uL1BhcGVycy9BbnlvbmljIHF1YW50dW0gd2Fsa3M7IEJyZW5uZW4sIEVsbGluYXMsIEtlbmRvbiwrOyAyMDEwLnBkZtIXCxgZV05TLmRhdGFPEQImAAAAAAImAAIAAAxNYWNpbnRvc2ggSEQAAAAAAAAAAAAAAAAAAADQXNwXSCsAAAAKY6IfQW55b25pYyBxdWFudHVtIHdhbGtzI0E2M0YwLnBkZgAAAAAAAAAAAAAAAAAAAAAAAAAAAAAAAAAAAAAAAAAAAApj8M13lBkAAAAAAAAAAAABAAIAAAkgAAAAAAAAAAAAAAAAAAAABlBhcGVycwAQAAgAANBcQWcAAAARAAgAAM12+WkAAAABABAACmOiAAn0tAAJQM0AApPVAAIATk1hY2ludG9zaCBIRDpVc2VyczoAc2ZsYW1taWE6AERyb3Bib3g6AFBhcGVyczoAQW55b25pYyBxdWFudHVtIHdhbGtzI0E2M0YwLnBkZgAOAHgAOwBBAG4AeQBvAG4AaQBjACAAcQB1AGEAbgB0AHUAbQAgAHcAYQBsAGsAcwA7ACAAQgByAGUAbgBuAGUAbgAsACAARQBsAGwAaQBuAGEAcwAsACAASwBlAG4AZABvAG4ALAArADsAIAAyADAAMQAwAC4AcABkAGYADwAaAAwATQBhAGMAaQBuAHQAbwBzAGgAIABIAEQAEgBZVXNlcnMvc2ZsYW1taWEvRHJvcGJveC9QYXBlcnMvQW55b25pYyBxdWFudHVtIHdhbGtzOyBCcmVubmVuLCBFbGxpbmFzLCBLZW5kb24sKzsgMjAxMC5wZGYAABMAAS8AABUAAgAP//8AAIAG0hscHR5aJGNsYXNzbmFtZVgkY2xhc3Nlc11OU011dGFibGVEYXRhox0fIFZOU0RhdGFYTlNPYmplY3TSGxwiI1xOU0RpY3Rpb25hcnmiIiBfEA9OU0tleWVkQXJjaGl2ZXLRJidUcm9vdIABAAgAEQAaACMALQAyADcAQABGAE0AVQBgAGcAagBsAG4AcQBzAHUAdwCEAI4A1gDbAOMDDQMPAxQDHwMoAzYDOgNBA0oDTwNcA18DcQN0A3kAAAAAAAACAQAAAAAAAAAoAAAAAAAAAAAAAAAAAAADew==},
	Bdsk-Url-1 = {http://dx.doi.org/10.1016/j.aop.2009.12.001}}

@article{Lehman2012,
	Abstract = {We study the effects of braiding interactions on single anyon dynamics using a quantum walk model on a quasi-1-dimensional ladder filled with stationary anyons. The model includes loss of information of the coin and nonlocal fusion degrees of freedom on every second time step, such that the entanglement between the position states and the exponentially growing auxiliary degrees of freedom is lost. The computational complexity of numerical calculations reduces drastically from the fully coherent anyonic quantum walk model, allowing for relatively long simulations for anyons which are spin-1/2 irreps of SU(2)_k Chern-Simons theory. We find that for Abelian anyons, the walk retains the ballistic spreading velocity just like particles with trivial braiding statistics. For non-Abelian anyons, the numerical results indicate that the spreading velocity is linearly dependent on the number of time steps. By approximating the Kraus generators of the time evolution map by circulant matrices, it is shown that the spatial probability distribution for the k=2 walk, corresponding to Ising model anyons, is equal to the classical unbiased random walk distribution.},
	Archiveprefix = {arXiv},
	Author = {L. Lehman and D. Ellinas and G.K. Brennen},
	Date-Added = {2013-10-20 02:53:30 +0000},
	Date-Modified = {2013-10-20 02:53:30 +0000},
	Eprint = {1203.1999},
	Month = {03},
	Title = {Quantum Walks of {$SU(2)_k$} Anyons on a Ladder},
	Url = {http://arxiv.org/abs/1203.1999},
	Year = {2012},
	Bdsk-File-1 = {YnBsaXN0MDDUAQIDBAUGJCVYJHZlcnNpb25YJG9iamVjdHNZJGFyY2hpdmVyVCR0b3ASAAGGoKgHCBMUFRYaIVUkbnVsbNMJCgsMDxJXTlMua2V5c1pOUy5vYmplY3RzViRjbGFzc6INDoACgAOiEBGABIAFgAdccmVsYXRpdmVQYXRoWWFsaWFzRGF0YV8QUC4uL1BhcGVycy9RdWFudHVtIFdhbGtzIG9mIFNVKDIpX2sgQW55b25zIG9uOyBMZWhtYW4sIEVsbGluYXMsIEJyZW5uZW47IDIwMTIucGRm0hcLGBlXTlMuZGF0YU8RAkYAAAAAAkYAAgAADE1hY2ludG9zaCBIRAAAAAAAAAAAAAAAAAAAANBc3BdIKwAAAApjoh9RdWFudHVtIFdhbGtzIG9mIFNVKDIjQTY3MDUucGRmAAAAAAAAAAAAAAAAAAAAAAAAAAAAAAAAAAAAAAAAAAAACmcFzXeUyQAAAAAAAAAAAAEAAgAACSAAAAAAAAAAAAAAAAAAAAAGUGFwZXJzABAACAAA0FxBZwAAABEACAAAzXb6GQAAAAEAEAAKY6IACfS0AAlAzQACk9UAAgBOTWFjaW50b3NoIEhEOlVzZXJzOgBzZmxhbW1pYToARHJvcGJveDoAUGFwZXJzOgBRdWFudHVtIFdhbGtzIG9mIFNVKDIjQTY3MDUucGRmAA4AjgBGAFEAdQBhAG4AdAB1AG0AIABXAGEAbABrAHMAIABvAGYAIABTAFUAKAAyACkAXwBrACAAQQBuAHkAbwBuAHMAIABvAG4AOwAgAEwAZQBoAG0AYQBuACwAIABFAGwAbABpAG4AYQBzACwAIABCAHIAZQBuAG4AZQBuADsAIAAyADAAMQAyAC4AcABkAGYADwAaAAwATQBhAGMAaQBuAHQAbwBzAGgAIABIAEQAEgBkVXNlcnMvc2ZsYW1taWEvRHJvcGJveC9QYXBlcnMvUXVhbnR1bSBXYWxrcyBvZiBTVSgyKV9rIEFueW9ucyBvbjsgTGVobWFuLCBFbGxpbmFzLCBCcmVubmVuOyAyMDEyLnBkZgATAAEvAAAVAAIAD///AACABtIbHB0eWiRjbGFzc25hbWVYJGNsYXNzZXNdTlNNdXRhYmxlRGF0YaMdHyBWTlNEYXRhWE5TT2JqZWN00hscIiNcTlNEaWN0aW9uYXJ5oiIgXxAPTlNLZXllZEFyY2hpdmVy0SYnVHJvb3SAAQAIABEAGgAjAC0AMgA3AEAARgBNAFUAYABnAGoAbABuAHEAcwB1AHcAhACOAOEA5gDuAzgDOgM/A0oDUwNhA2UDbAN1A3oDhwOKA5wDnwOkAAAAAAAAAgEAAAAAAAAAKAAAAAAAAAAAAAAAAAAAA6Y=},
	Bdsk-Url-1 = {http://arxiv.org/abs/1203.1999}}

@article{Lehman2011,
	Archiveprefix = {arXiv},
	Author = {Lehman, Lauri and Zatloukal, Vaclav and Brennen, Gavin K. and Pachos, Jiannis K. and Wang, Zhenghan},
	Date-Added = {2013-10-20 02:52:44 +0000},
	Date-Modified = {2013-10-21 07:02:49 +0000},
	Doi = {10.1103/PhysRevLett.106.230404},
	Eprint = {1009.0813},
	Issue = {23},
	Journal = {Phys. Rev. Lett.},
	Month = {Jun},
	Pages = {230404},
	Title = {Quantum Walks with Non-{A}belian Anyons},
	Volume = {106},
	Year = {2011},
	Bdsk-File-1 = {YnBsaXN0MDDUAQIDBAUGJCVYJHZlcnNpb25YJG9iamVjdHNZJGFyY2hpdmVyVCR0b3ASAAGGoKgHCBMUFRYaIVUkbnVsbNMJCgsMDxJXTlMua2V5c1pOUy5vYmplY3RzViRjbGFzc6INDoACgAOiEBGABIAFgAdccmVsYXRpdmVQYXRoWWFsaWFzRGF0YV8QVy4uL1BhcGVycy9RdWFudHVtIFdhbGtzIHdpdGggTm9uLUFiZWxpYW4gQW55b25zOyBMZWhtYW4sIFphdGxvdWthbCwgQnJlbm5lbiwrOyAyMDExLnBkZtIXCxgZV05TLmRhdGFPEQJcAAAAAAJcAAIAAAxNYWNpbnRvc2ggSEQAAAAAAAAAAAAAAAAAAADQXNwXSCsAAAAKY6IfUXVhbnR1bSBXYWxrcyB3aXRoIE5vI0E2NzA3LnBkZgAAAAAAAAAAAAAAAAAAAAAAAAAAAAAAAAAAAAAAAAAAAApnB813lIAAAAAAAAAAAAABAAIAAAkgAAAAAAAAAAAAAAAAAAAABlBhcGVycwAQAAgAANBcQWcAAAARAAgAAM12+dAAAAABABAACmOiAAn0tAAJQM0AApPVAAIATk1hY2ludG9zaCBIRDpVc2VyczoAc2ZsYW1taWE6AERyb3Bib3g6AFBhcGVyczoAUXVhbnR1bSBXYWxrcyB3aXRoIE5vI0E2NzA3LnBkZgAOAJwATQBRAHUAYQBuAHQAdQBtACAAVwBhAGwAawBzACAAdwBpAHQAaAAgAE4AbwBuAC0AQQBiAGUAbABpAGEAbgAgAEEAbgB5AG8AbgBzADsAIABMAGUAaABtAGEAbgAsACAAWgBhAHQAbABvAHUAawBhAGwALAAgAEIAcgBlAG4AbgBlAG4ALAArADsAIAAyADAAMQAxAC4AcABkAGYADwAaAAwATQBhAGMAaQBuAHQAbwBzAGgAIABIAEQAEgBrVXNlcnMvc2ZsYW1taWEvRHJvcGJveC9QYXBlcnMvUXVhbnR1bSBXYWxrcyB3aXRoIE5vbi1BYmVsaWFuIEFueW9uczsgTGVobWFuLCBaYXRsb3VrYWwsIEJyZW5uZW4sKzsgMjAxMS5wZGYAABMAAS8AABUAAgAP//8AAIAG0hscHR5aJGNsYXNzbmFtZVgkY2xhc3Nlc11OU011dGFibGVEYXRhox0fIFZOU0RhdGFYTlNPYmplY3TSGxwiI1xOU0RpY3Rpb25hcnmiIiBfEA9OU0tleWVkQXJjaGl2ZXLRJidUcm9vdIABAAgAEQAaACMALQAyADcAQABGAE0AVQBgAGcAagBsAG4AcQBzAHUAdwCEAI4A6ADtAPUDVQNXA1wDZwNwA34DggOJA5IDlwOkA6cDuQO8A8EAAAAAAAACAQAAAAAAAAAoAAAAAAAAAAAAAAAAAAADww==},
	Bdsk-Url-1 = {http://dx.doi.org/10.1103/PhysRevLett.106.230404}}

@article{Landon-Cardinal2012a,
	Abstract = {We study the robustness of quantum information stored in the degenerate ground space of a local, frustration-free Hamiltonian with commuting terms on a {2D} spin lattice. On one hand, a macroscopic energy barrier separating the distinct ground states under local transformations would protect the information from thermal fluctuations. On the other hand, local topological order would shield the ground space from static perturbations. Here we demonstrate that local topological order implies a constant energy barrier, thus inhibiting thermal stability.},
	Author = {Landon-Cardinal, Olivier and Poulin, David},
	Journal = {Phys. Rev. Lett.},
	Keywords = {Topological phase; Topological QC},
	Pages = {090502},
	Title = {Local topological order inhibits thermal stability in {2D}},
	Url = {http://arxiv.org/abs/1209.5750},
	Volume = {110},
	Year = {2013},
	Bdsk-Url-1 = {http://arxiv.org/abs/1209.5750}}

@article{Haah2012a,
	Author = {Haah, Jeongwan and Preskill, John},
	Date-Added = {2013-10-20 02:52:29 +0000},
	Date-Modified = {2013-10-20 02:52:29 +0000},
	Doi = {10.1103/PhysRevA.86.032308},
	Eprint = {1011.3529},
	Issue = {3},
	Journal = {Phys. Rev. A},
	Month = {Sep},
	Numpages = {11},
	Pages = {032308},
	Title = {Logical-operator tradeoff for local quantum codes},
	Volume = {86},
	Year = {2012},
	Bdsk-File-1 = {YnBsaXN0MDDUAQIDBAUGJCVYJHZlcnNpb25YJG9iamVjdHNZJGFyY2hpdmVyVCR0b3ASAAGGoKgHCBMUFRYaIVUkbnVsbNMJCgsMDxJXTlMua2V5c1pOUy5vYmplY3RzViRjbGFzc6INDoACgAOiEBGABIAFgAdccmVsYXRpdmVQYXRoWWFsaWFzRGF0YV8QVS4uL1BhcGVycy9Mb2dpY2FsLW9wZXJhdG9yIHRyYWRlb2ZmIGZvciBsb2NhbCBxdWFudHVtIGNvZGVzOyBIYWFoLCBQcmVza2lsbDsgMjAxMi5wZGbSFwsYGVdOUy5kYXRhTxECVgAAAAACVgACAAAMTWFjaW50b3NoIEhEAAAAAAAAAAAAAAAAAAAA0FzcF0grAAAACmOiH0xvZ2ljYWwtb3BlcmF0b3IgdHJhZCNBNjVDMy5wZGYAAAAAAAAAAAAAAAAAAAAAAAAAAAAAAAAAAAAAAAAAAAAKZcPOcfRTAAAAAAAAAAAAAQACAAAJIAAAAAAAAAAAAAAAAAAAAAZQYXBlcnMAEAAIAADQXEFnAAAAEQAIAADOcWezAAAAAQAQAApjogAJ9LQACUDNAAKT1QACAE5NYWNpbnRvc2ggSEQ6VXNlcnM6AHNmbGFtbWlhOgBEcm9wYm94OgBQYXBlcnM6AExvZ2ljYWwtb3BlcmF0b3IgdHJhZCNBNjVDMy5wZGYADgCYAEsATABvAGcAaQBjAGEAbAAtAG8AcABlAHIAYQB0AG8AcgAgAHQAcgBhAGQAZQBvAGYAZgAgAGYAbwByACAAbABvAGMAYQBsACAAcQB1AGEAbgB0AHUAbQAgAGMAbwBkAGUAcwA7ACAASABhAGEAaAAsACAAUAByAGUAcwBrAGkAbABsADsAIAAyADAAMQAyAC4AcABkAGYADwAaAAwATQBhAGMAaQBuAHQAbwBzAGgAIABIAEQAEgBpVXNlcnMvc2ZsYW1taWEvRHJvcGJveC9QYXBlcnMvTG9naWNhbC1vcGVyYXRvciB0cmFkZW9mZiBmb3IgbG9jYWwgcXVhbnR1bSBjb2RlczsgSGFhaCwgUHJlc2tpbGw7IDIwMTIucGRmAAATAAEvAAAVAAIAD///AACABtIbHB0eWiRjbGFzc25hbWVYJGNsYXNzZXNdTlNNdXRhYmxlRGF0YaMdHyBWTlNEYXRhWE5TT2JqZWN00hscIiNcTlNEaWN0aW9uYXJ5oiIgXxAPTlNLZXllZEFyY2hpdmVy0SYnVHJvb3SAAQAIABEAGgAjAC0AMgA3AEAARgBNAFUAYABnAGoAbABuAHEAcwB1AHcAhACOAOYA6wDzA00DTwNUA18DaAN2A3oDgQOKA48DnAOfA7EDtAO5AAAAAAAAAgEAAAAAAAAAKAAAAAAAAAAAAAAAAAAAA7s=},
	Bdsk-Url-1 = {http://dx.doi.org/10.1103/PhysRevA.86.032308}}

@article{Bravyi2009,
	Abstract = {We study properties of stabilizer codes that permit a local description on a regular D-dimensional lattice. Specifically, we assume that the stabilizer group of a code (the gauge group for subsystem codes) can be generated by local Pauli operators such that the support of any generator is bounded by a hypercube of size O(1). Our first result concerns the optimal scaling of the distance d with the linear size of the lattice L. We prove an upper bound d=O(LD-1) which is tight for D=1, 2. This bound applies to both subspace and subsystem stabilizer codes. Secondly, we analyze the suitability of stabilizer codes for building a self-correcting quantum memory. Any stabilizer code with geometrically local generators can be naturally transformed to a local Hamiltonian penalizing states that violate the stabilizer condition. A degenerate ground state of this Hamiltonian corresponds to the logical subspace of the code. We prove that for D=1, 2, different logical states can be mapped into each other by a sequence of single-qubit Pauli errors such that the energy of all intermediate states is upper bounded by a constant independent of the lattice size L. The same result holds if there are unused logical qubits that are treated as 'gauge qubits'. It demonstrates that a self-correcting quantum memory cannot be built using stabilizer codes in dimensions D=1, 2. This result is in sharp contrast with the existence of a classical self-correcting memory in the form of a two-dimensional (2D) ferromagnet. Our results leave open the possibility for a self-correcting quantum memory based on 2D subsystem codes or on 3D subspace or subsystem codes.},
	Archiveprefix = {arXiv},
	Author = {Bravyi, Sergey and Terhal, Barbara},
	Date-Added = {2013-10-20 02:52:19 +0000},
	Date-Modified = {2013-10-20 02:52:19 +0000},
	Doi = {10.1088/1367-2630/11/4/043029},
	Eprint = {0810.1983},
	Journal = {New J. Phys.},
	Number = {4},
	Pages = {043029},
	Title = {A no-go theorem for a two-dimensional self-correcting quantum memory based on stabilizer codes},
	Volume = {11},
	Year = {2009},
	Bdsk-File-1 = {YnBsaXN0MDDUAQIDBAUGJCVYJHZlcnNpb25YJG9iamVjdHNZJGFyY2hpdmVyVCR0b3ASAAGGoKgHCBMUFRYaIVUkbnVsbNMJCgsMDxJXTlMua2V5c1pOUy5vYmplY3RzViRjbGFzc6INDoACgAOiEBGABIAFgAdccmVsYXRpdmVQYXRoWWFsaWFzRGF0YV8QXS4uL1BhcGVycy9uby1nbyB0aGVvcmVtIGZvciB0d28tZGltZW5zaW9uYWwgc2VsZi1jb3JyZWN0aW5nIHF1YW50dW07IEJyYXZ5aSwgVGVyaGFsOyAyMDA5LnBkZtIXCxgZV05TLmRhdGFPEQJuAAAAAAJuAAIAAAxNYWNpbnRvc2ggSEQAAAAAAAAAAAAAAAAAAADQXNwXSCsAAAAKY6Ifbm8tZ28gdGhlb3JlbSBmb3IgdHdvI0E2NjBCLnBkZgAAAAAAAAAAAAAAAAAAAAAAAAAAAAAAAAAAAAAAAAAAAApmC8ZXmvAAAAAAAAAAAAABAAIAAAkgAAAAAAAAAAAAAAAAAAAABlBhcGVycwAQAAgAANBcQWcAAAARAAgAAMZXDlAAAAABABAACmOiAAn0tAAJQM0AApPVAAIATk1hY2ludG9zaCBIRDpVc2VyczoAc2ZsYW1taWE6AERyb3Bib3g6AFBhcGVyczoAbm8tZ28gdGhlb3JlbSBmb3IgdHdvI0E2NjBCLnBkZgAOAKgAUwBuAG8ALQBnAG8AIAB0AGgAZQBvAHIAZQBtACAAZgBvAHIAIAB0AHcAbwAtAGQAaQBtAGUAbgBzAGkAbwBuAGEAbAAgAHMAZQBsAGYALQBjAG8AcgByAGUAYwB0AGkAbgBnACAAcQB1AGEAbgB0AHUAbQA7ACAAQgByAGEAdgB5AGkALAAgAFQAZQByAGgAYQBsADsAIAAyADAAMAA5AC4AcABkAGYADwAaAAwATQBhAGMAaQBuAHQAbwBzAGgAIABIAEQAEgBxVXNlcnMvc2ZsYW1taWEvRHJvcGJveC9QYXBlcnMvbm8tZ28gdGhlb3JlbSBmb3IgdHdvLWRpbWVuc2lvbmFsIHNlbGYtY29ycmVjdGluZyBxdWFudHVtOyBCcmF2eWksIFRlcmhhbDsgMjAwOS5wZGYAABMAAS8AABUAAgAP//8AAIAG0hscHR5aJGNsYXNzbmFtZVgkY2xhc3Nlc11OU011dGFibGVEYXRhox0fIFZOU0RhdGFYTlNPYmplY3TSGxwiI1xOU0RpY3Rpb25hcnmiIiBfEA9OU0tleWVkQXJjaGl2ZXLRJidUcm9vdIABAAgAEQAaACMALQAyADcAQABGAE0AVQBgAGcAagBsAG4AcQBzAHUAdwCEAI4A7gDzAPsDbQNvA3QDfwOIA5YDmgOhA6oDrwO8A78D0QPUA9kAAAAAAAACAQAAAAAAAAAoAAAAAAAAAAAAAAAAAAAD2w==},
	Bdsk-File-2 = {YnBsaXN0MDDUAQIDBAUGJCVYJHZlcnNpb25YJG9iamVjdHNZJGFyY2hpdmVyVCR0b3ASAAGGoKgHCBMUFRYaIVUkbnVsbNMJCgsMDxJXTlMua2V5c1pOUy5vYmplY3RzViRjbGFzc6INDoACgAOiEBGABIAFgAdccmVsYXRpdmVQYXRoWWFsaWFzRGF0YV8QXi4uL1BhcGVycy9uby1nbyB0aGVvcmVtIGZvciB0d28tZGltZW5zaW9uYWwgc2VsZi1jb3JyZWN0aW5nIHF1YW50dW07IEJyYXZ5aSwgVGVyaGFsOyAyMDA5YS5wZGbSFwsYGVdOUy5kYXRhTxECcAAAAAACcAACAAAMTWFjaW50b3NoIEhEAAAAAAAAAAAAAAAAAAAA0FzcF0grAAAACmOiH25vLWdvIHRoZW9yZW0gZm9yIHR3byNBNjYwRC5wZGYAAAAAAAAAAAAAAAAAAAAAAAAAAAAAAAAAAAAAAAAAAAAKZg3FNgHUAAAAAAAAAAAAAQACAAAJIAAAAAAAAAAAAAAAAAAAAAZQYXBlcnMAEAAIAADQXEFnAAAAEQAIAADFNWckAAAAAQAQAApjogAJ9LQACUDNAAKT1QACAE5NYWNpbnRvc2ggSEQ6VXNlcnM6AHNmbGFtbWlhOgBEcm9wYm94OgBQYXBlcnM6AG5vLWdvIHRoZW9yZW0gZm9yIHR3byNBNjYwRC5wZGYADgCqAFQAbgBvAC0AZwBvACAAdABoAGUAbwByAGUAbQAgAGYAbwByACAAdAB3AG8ALQBkAGkAbQBlAG4AcwBpAG8AbgBhAGwAIABzAGUAbABmAC0AYwBvAHIAcgBlAGMAdABpAG4AZwAgAHEAdQBhAG4AdAB1AG0AOwAgAEIAcgBhAHYAeQBpACwAIABUAGUAcgBoAGEAbAA7ACAAMgAwADAAOQBhAC4AcABkAGYADwAaAAwATQBhAGMAaQBuAHQAbwBzAGgAIABIAEQAEgByVXNlcnMvc2ZsYW1taWEvRHJvcGJveC9QYXBlcnMvbm8tZ28gdGhlb3JlbSBmb3IgdHdvLWRpbWVuc2lvbmFsIHNlbGYtY29ycmVjdGluZyBxdWFudHVtOyBCcmF2eWksIFRlcmhhbDsgMjAwOWEucGRmABMAAS8AABUAAgAP//8AAIAG0hscHR5aJGNsYXNzbmFtZVgkY2xhc3Nlc11OU011dGFibGVEYXRhox0fIFZOU0RhdGFYTlNPYmplY3TSGxwiI1xOU0RpY3Rpb25hcnmiIiBfEA9OU0tleWVkQXJjaGl2ZXLRJidUcm9vdIABAAgAEQAaACMALQAyADcAQABGAE0AVQBgAGcAagBsAG4AcQBzAHUAdwCEAI4A7wD0APwDcANyA3cDggOLA5kDnQOkA60DsgO/A8ID1APXA9wAAAAAAAACAQAAAAAAAAAoAAAAAAAAAAAAAAAAAAAD3g==},
	Bdsk-Url-1 = {http://stacks.iop.org/1367-2630/11/043029}}

@article{Einarsson1995,
	Author = {Einarsson, Torbj\"{o}rn},
	Date-Added = {2013-10-20 02:52:10 +0000},
	Date-Modified = {2013-10-20 02:52:10 +0000},
	Doi = {10.1103/PhysRevLett.64.1995},
	Issue = {17},
	Journal = {Phys. Rev. Lett.},
	Month = {Apr},
	Pages = {1995--1998},
	Title = {Fractional statistics on a torus},
	Volume = {64},
	Year = {1990},
	Bdsk-Url-1 = {http://link.aps.org/doi/10.1103/PhysRevLett.64.1995},
	Bdsk-Url-2 = {http://dx.doi.org/10.1103/PhysRevLett.64.1995}}

@article{Wen1990,
	Author = {Wen, X. G. and Niu, Q.},
	Date-Added = {2013-10-20 02:52:06 +0000},
	Date-Modified = {2013-10-20 02:52:06 +0000},
	Doi = {10.1103/PhysRevB.41.9377},
	Issue = {13},
	Journal = {Phys. Rev. B},
	Month = {May},
	Pages = {9377--9396},
	Title = {Ground-state degeneracy of the fractional quantum {H}all states in the presence of a random potential and on high-genus {R}iemann surfaces},
	Volume = {41},
	Year = {1990},
	Bdsk-Url-1 = {http://link.aps.org/doi/10.1103/PhysRevB.41.9377},
	Bdsk-Url-2 = {http://dx.doi.org/10.1103/PhysRevB.41.9377}}

@book{Wilczek1990,
	Address = {Singapore},
	Author = {Wilczek, F.},
	Date-Added = {2013-10-20 02:52:03 +0000},
	Date-Modified = {2013-10-20 02:52:03 +0000},
	Publisher = {World Scientific},
	Title = {Fractional Statistics and Anyon Superconductivity},
	Year = {1990}}

@article{Freedman2006,
	Author = {Freedman, Michael and Nayak, Chetan and Walker, Kevin},
	Date-Added = {2013-10-20 02:51:39 +0000},
	Date-Modified = {2013-10-20 02:51:39 +0000},
	Doi = {10.1103/PhysRevB.73.245307},
	Eprint = {cond-mat/0512066},
	Issue = {24},
	Journal = {Phys. Rev. B},
	Month = {Jun},
	Numpages = {21},
	Pages = {245307},
	Publisher = {American Physical Society},
	Title = {Towards universal topological quantum computation in the {$\nu =\frac{5}{2}$} fractional quantum {H}all state},
	Url = {http://link.aps.org/doi/10.1103/PhysRevB.73.245307},
	Volume = {73},
	Year = {2006},
	Bdsk-Url-1 = {http://link.aps.org/doi/10.1103/PhysRevB.73.245307},
	Bdsk-Url-2 = {http://dx.doi.org/10.1103/PhysRevB.73.245307}}

@article{Nayak1996,
	Author = {Chetan Nayak and Frank Wilczek},
	Date-Added = {2013-10-20 02:51:35 +0000},
	Date-Modified = {2013-10-20 02:51:35 +0000},
	Doi = {10.1016/0550-3213(96)00430-0},
	Eprint = {cond-mat/9605145},
	Journal = {Nucl. Phys. B},
	Number = {3},
	Pages = {529--553},
	Title = {{$2n$}-quasihole states realize {$2n-1$}-dimensional spinor braiding statistics in paired quantum {H}all states},
	Volume = {479},
	Year = {1996},
	Bdsk-File-1 = {YnBsaXN0MDDUAQIDBAUGJCVYJHZlcnNpb25YJG9iamVjdHNZJGFyY2hpdmVyVCR0b3ASAAGGoKgHCBMUFRYaIVUkbnVsbNMJCgsMDxJXTlMua2V5c1pOUy5vYmplY3RzViRjbGFzc6INDoACgAOiEBGABIAFgAdccmVsYXRpdmVQYXRoWWFsaWFzRGF0YW8QZAAuAC4ALwBQAGEAcABlAHIAcwAvACQAMgBuACQALQBxAHUAYQBzAGkAaABvAGwAZQAgAHMAdABhAHQAZQBzACAAcgBlAGEAbABpAHoAZQAgACQAMgBuIhIAMQAkAC0AZABpAG0AZQBuAHMAaQBvAG4AYQBsACAAcwBwAGkAbgBvAHIAIABiAHIAYQBpAGQAaQBuAGcAOwAgAE4AYQB5AGEAawAsACAAVwBpAGwAYwB6AGUAawA7ACAAMQA5ADkANgAuAHAAZABm0hcLGBlXTlMuZGF0YU8RAoQAAAAAAoQAAgAADE1hY2ludG9zaCBIRAAAAAAAAAAAAAAAAAAAANBc3BdIKwAAAApjoh8kMm4kLXF1YXNpaG9sZSBzdGF0ZXMjQTYzQTMucGRmAAAAAAAAAAAAAAAAAAAAAAAAAAAAAAAAAAAAAAAAAAAACmOjzadRUAAAAAAAAAAAAAEAAgAACSAAAAAAAAAAAAAAAAAAAAAGUGFwZXJzABAACAAA0FxBZwAAABEACAAAzabEsAAAAAEAEAAKY6IACfS0AAlAzQACk9UAAgBOTWFjaW50b3NoIEhEOlVzZXJzOgBzZmxhbW1pYToARHJvcGJveDoAUGFwZXJzOgAkMm4kLXF1YXNpaG9sZSBzdGF0ZXMjQTYzQTMucGRmAA4AtgBaACQAMgBuACQALQBxAHUAYQBzAGkAaABvAGwAZQAgAHMAdABhAHQAZQBzACAAcgBlAGEAbABpAHoAZQAgACQAMgBuIhIAMQAkAC0AZABpAG0AZQBuAHMAaQBvAG4AYQBsACAAcwBwAGkAbgBvAHIAIABiAHIAYQBpAGQAaQBuAGcAOwAgAE4AYQB5AGEAawAsACAAVwBpAGwAYwB6AGUAawA7ACAAMQA5ADkANgAuAHAAZABmAA8AGgAMAE0AYQBjAGkAbgB0AG8AcwBoACAASABEABIAelVzZXJzL3NmbGFtbWlhL0Ryb3Bib3gvUGFwZXJzLyQybiQtcXVhc2lob2xlIHN0YXRlcyByZWFsaXplICQybuKIkjEkLWRpbWVuc2lvbmFsIHNwaW5vciBicmFpZGluZzsgTmF5YWssIFdpbGN6ZWs7IDE5OTYucGRmABMAAS8AABUAAgAP//8AAIAG0hscHR5aJGNsYXNzbmFtZVgkY2xhc3Nlc11OU011dGFibGVEYXRhox0fIFZOU0RhdGFYTlNPYmplY3TSGxwiI1xOU0RpY3Rpb25hcnmiIiBfEA9OU0tleWVkQXJjaGl2ZXLRJidUcm9vdIABAAgAEQAaACMALQAyADcAQABGAE0AVQBgAGcAagBsAG4AcQBzAHUAdwCEAI4BWQFeAWYD7gPwA/UEAAQJBBcEGwQiBCsEMAQ9BEAEUgRVBFoAAAAAAAACAQAAAAAAAAAoAAAAAAAAAAAAAAAAAAAEXA==},
	Bdsk-Url-1 = {http://www.sciencedirect.com/science/article/pii/0550321396004300},
	Bdsk-Url-2 = {http://dx.doi.org/10.1016/0550-3213(96)00430-0}}

@article{Nayak2008,
	Archiveprefix = {arXiv},
	Author = {Nayak, Chetan and Simon, Steven H. and Stern, Ady and Freedman, Michael and Das Sarma, Sankar},
	Date-Added = {2013-10-20 02:51:35 +0000},
	Date-Modified = {2013-10-21 07:03:01 +0000},
	Doi = {10.1103/RevModPhys.80.1083},
	Eprint = {0707.1889},
	Journal = {Rev. Mod. Phys.},
	Keywords = {information theory; quantum computing; quantum Hall effect; quantum statistical mechanics; superconductivity; topology},
	Number = {3},
	Numpages = {77},
	Pages = {1083},
	Title = {Non-{A}belian anyons and topological quantum computation},
	Volume = {80},
	Year = {2008},
	Bdsk-File-1 = {YnBsaXN0MDDUAQIDBAUGJCVYJHZlcnNpb25YJG9iamVjdHNZJGFyY2hpdmVyVCR0b3ASAAGGoKgHCBMUFRYaIVUkbnVsbNMJCgsMDxJXTlMua2V5c1pOUy5vYmplY3RzViRjbGFzc6INDoACgAOiEBGABIAFgAdccmVsYXRpdmVQYXRoWWFsaWFzRGF0YV8QYS4uL1BhcGVycy9Ob24tQWJlbGlhbiBhbnlvbnMgYW5kIHRvcG9sb2dpY2FsIHF1YW50dW0gY29tcHV0YXRpb247IE5heWFrLCBTaW1vbiwgU3Rlcm4sKzsgMjAwOC5wZGbSFwsYGVdOUy5kYXRhTxECegAAAAACegACAAAMTWFjaW50b3NoIEhEAAAAAAAAAAAAAAAAAAAA0FzcF0grAAAACmOiH05vbi1BYmVsaWFuIGFueW9ucyBhbiNBNjYxMi5wZGYAAAAAAAAAAAAAAAAAAAAAAAAAAAAAAAAAAAAAAAAAAAAKZhLFswnxAAAAAAAAAAAAAQACAAAJIAAAAAAAAAAAAAAAAAAAAAZQYXBlcnMAEAAIAADQXEFnAAAAEQAIAADFsm9BAAAAAQAQAApjogAJ9LQACUDNAAKT1QACAE5NYWNpbnRvc2ggSEQ6VXNlcnM6AHNmbGFtbWlhOgBEcm9wYm94OgBQYXBlcnM6AE5vbi1BYmVsaWFuIGFueW9ucyBhbiNBNjYxMi5wZGYADgCwAFcATgBvAG4ALQBBAGIAZQBsAGkAYQBuACAAYQBuAHkAbwBuAHMAIABhAG4AZAAgAHQAbwBwAG8AbABvAGcAaQBjAGEAbAAgAHEAdQBhAG4AdAB1AG0AIABjAG8AbQBwAHUAdABhAHQAaQBvAG4AOwAgAE4AYQB5AGEAawAsACAAUwBpAG0AbwBuACwAIABTAHQAZQByAG4ALAArADsAIAAyADAAMAA4AC4AcABkAGYADwAaAAwATQBhAGMAaQBuAHQAbwBzAGgAIABIAEQAEgB1VXNlcnMvc2ZsYW1taWEvRHJvcGJveC9QYXBlcnMvTm9uLUFiZWxpYW4gYW55b25zIGFuZCB0b3BvbG9naWNhbCBxdWFudHVtIGNvbXB1dGF0aW9uOyBOYXlhaywgU2ltb24sIFN0ZXJuLCs7IDIwMDgucGRmAAATAAEvAAAVAAIAD///AACABtIbHB0eWiRjbGFzc25hbWVYJGNsYXNzZXNdTlNNdXRhYmxlRGF0YaMdHyBWTlNEYXRhWE5TT2JqZWN00hscIiNcTlNEaWN0aW9uYXJ5oiIgXxAPTlNLZXllZEFyY2hpdmVy0SYnVHJvb3SAAQAIABEAGgAjAC0AMgA3AEAARgBNAFUAYABnAGoAbABuAHEAcwB1AHcAhACOAPIA9wD/A30DfwOEA48DmAOmA6oDsQO6A78DzAPPA+ED5APpAAAAAAAAAgEAAAAAAAAAKAAAAAAAAAAAAAAAAAAAA+s=},
	Bdsk-Url-1 = {http://dx.doi.org/10.1103/RevModPhys.80.1083}}

@article{Moore1991,
	Author = {Gregory Moore and Nicholas Read},
	Date-Added = {2013-10-20 02:51:25 +0000},
	Date-Modified = {2013-10-20 02:51:25 +0000},
	Doi = {10.1016/0550-3213(91)90407-O},
	Journal = {Nucl. Phys. B},
	Number = {2--3},
	Pages = {362 - 396},
	Title = {Nonabelions in the fractional quantum {H}all effect},
	Volume = {360},
	Year = {1991},
	Bdsk-Url-1 = {http://www.sciencedirect.com/science/article/pii/055032139190407O},
	Bdsk-Url-2 = {http://dx.doi.org/10.1016/0550-3213(91)90407-O}}

@article{Willett1987,
	Author = {Willett, R. and Eisenstein, J. P. and St\"ormer, H. L. and Tsui, D. C. and Gossard, A. C. and English, J. H.},
	Date-Added = {2013-10-20 02:51:11 +0000},
	Date-Modified = {2013-10-20 02:51:11 +0000},
	Doi = {10.1103/PhysRevLett.59.1776},
	Issue = {15},
	Journal = {Phys. Rev. Lett.},
	Month = {Oct},
	Pages = {1776--1779},
	Title = {Observation of an even-denominator quantum number in the fractional quantum {H}all effect},
	Volume = {59},
	Year = {1987},
	Bdsk-Url-1 = {http://dx.doi.org/10.1103/PhysRevLett.59.1776}}

@article{Michalakis2013,
	Archiveprefix = {arXiv},
	Author = {Michalakis, Spyridon and Zwolak, Justyna P.},
	Date-Added = {2013-10-20 02:51:07 +0000},
	Date-Modified = {2013-10-20 02:51:07 +0000},
	Doi = {10.1007/s00220-013-1762-6},
	Eprint = {1109.1588},
	Journal = {Comm. Math. Phys.},
	Number = {2},
	Pages = {277--302},
	Title = {Stability of Frustration-Free {H}amiltonians},
	Volume = {322},
	Year = {2013},
	Bdsk-Url-1 = {http://dx.doi.org/10.1007/s00220-013-1762-6}}

@article{Bravyi2011a,
	Abstract = {Recently, the stability of certain topological phases of matter under weak
perturbations was proven. Here, we present a short, alternate proof of the same
result. We consider models of topological quantum order for which the
unperturbed Hamiltonian \$H\_0\$ can be written as a sum of local pairwise
commuting projectors on a \$D\$-dimensional lattice. We consider a perturbed
Hamiltonian \$H=H\_0+V\$ involving a generic perturbation \$V\$ that can be written
as a sum of short-range bounded-norm interactions. We prove that if the
strength of \$V\$ is below a constant threshold value then \$H\$ has well-defined
spectral bands originating from the low-lying eigenvalues of \$H\_0\$. These bands
are separated from the rest of the spectrum and from each other by a constant
gap. The width of the band originating from the smallest eigenvalue of \$H\_0\$
decays faster than any power of the lattice size.},
	Author = {Bravyi, S. and Hastings, M. B.},
	Date-Added = {2013-10-20 02:51:01 +0000},
	Date-Modified = {2013-10-20 02:51:01 +0000},
	Doi = {10.1007/s00220-011-1346-2},
	Eprint = {arXiv:1001.4363},
	Journal = {Comm. Math. Phys.},
	Month = {Jan},
	Number = {3},
	Pages = {609--627},
	Title = {A short proof of stability of topological order under local perturbations},
	Volume = {307},
	Year = {2011},
	Bdsk-Url-1 = {http://arxiv.org/abs/1001.4363}}

@article{Bombin2006,
	Author = {Bombin, H. and Martin-Delgado, M. A.},
	Date-Added = {2013-10-20 02:50:35 +0000},
	Date-Modified = {2013-10-20 02:50:35 +0000},
	Doi = {10.1103/PhysRevLett.97.180501},
	Eprint = {quant-ph/0605138},
	Issue = {18},
	Journal = {Phys. Rev. Lett.},
	Month = {Oct},
	Pages = {180501},
	Title = {Topological Quantum Distillation},
	Volume = {97},
	Year = {2006},
	Bdsk-Url-1 = {http://link.aps.org/doi/10.1103/PhysRevLett.97.180501},
	Bdsk-Url-2 = {http://dx.doi.org/10.1103/PhysRevLett.97.180501}}

@article{Bonesteel2012,
	Archiveprefix = {arXiv},
	Author = {Bonesteel, N. E. and DiVincenzo, D. P.},
	Date-Added = {2013-10-20 02:50:35 +0000},
	Date-Modified = {2013-10-20 02:50:35 +0000},
	Doi = {10.1103/PhysRevB.86.165113},
	Eprint = {1206.6048},
	Issue = {16},
	Journal = {Phys. Rev. B},
	Month = {Oct},
	Numpages = {10},
	Pages = {165113},
	Title = {Quantum circuits for measuring {L}evin-{W}en operators},
	Volume = {86},
	Year = {2012},
	Bdsk-Url-1 = {http://dx.doi.org/10.1103/PhysRevB.86.165113}}

@article{Bravyi1998,
	Abstract = {A new type of local-check additive quantum code is presented. Qubits are associated with edges of a 2-dimensional lattice whereas the stabilizer operators correspond to the faces and the vertices. The boundary of the lattice consists of alternating pieces with two different types of boundary conditions. Logical operators are described in terms of relative homology groups.},
	Author = {Bravyi, S. B. and Kitaev, A. Yu.},
	Date-Added = {2013-10-20 02:50:35 +0000},
	Date-Modified = {2013-10-20 02:50:35 +0000},
	Eprint = {quant-ph/9811052},
	Title = {Quantum codes on a lattice with boundary},
	Url = {http://arxiv.org/abs/quant-ph/9811052},
	Year = {1998},
	Bdsk-Url-1 = {http://arxiv.org/abs/quant-ph/9811052}}

@article{Bravyi2010,
	Abstract = {We study zero-temperature stability of topological phases of matter under
weak time-independent perturbations. Our results apply to quantum spin
Hamiltonians that can be written as a sum of geometrically local commuting
projectors on a D-dimensional lattice with certain topological order
conditions. Given such a Hamiltonian H\_0 we prove that there exists a constant
threshold \epsilon\&gt;0 such that for any perturbation V representable as a sum of
short-range bounded-norm interactions the perturbed Hamiltonian H=H\_0+\epsilon
V has well-defined spectral bands originating from O(1) smallest eigenvalues of
H\_0. These bands are separated from the rest of the spectrum and from each
other by a constant gap. The band originating from the smallest eigenvalue of
H\_0 has exponentially small width (as a function of the lattice size).


Our proof exploits a discrete version of Hamiltonian flow equations, the
theory of relatively bounded operators, and the Lieb-Robinson bound.},
	Archiveprefix = {arXiv},
	Author = {Bravyi, Sergey and Hastings, Matthew and Michalakis, Spyridon},
	Date-Added = {2013-10-20 02:49:26 +0000},
	Date-Modified = {2014-12-03 07:13:35 +0000},
	Doi = {10.1063/1.3490195},
	Eprint = {1001.0344},
	Journal = {J. Math. Phys.},
	Month = {Jan},
	Pages = {093512},
	Title = {Topological quantum order: stability under local perturbations},
	Volume = {51},
	Year = {2010},
	Bdsk-Url-1 = {http://arxiv.org/abs/1001.0344}}

@article{Bravyi2010a,
	Archiveprefix = {arXiv},
	Author = {Bravyi, Sergey and Poulin, David and Terhal, Barbara},
	Date-Added = {2013-10-20 02:49:26 +0000},
	Date-Modified = {2013-10-20 02:49:26 +0000},
	Doi = {10.1103/PhysRevLett.104.050503},
	Eprint = {0909.5200},
	Issue = {5},
	Journal = {Phys. Rev. Lett.},
	Month = {Feb},
	Numpages = {4},
	Pages = {050503},
	Title = {Tradeoffs for Reliable Quantum Information Storage in 2D Systems},
	Volume = {104},
	Year = {2010},
	Bdsk-Url-1 = {http://dx.doi.org/10.1103/PhysRevLett.104.050503}}

@article{Wootton2013,
	Archiveprefix = {arXiv},
	Author = {Wootton, James R and Burri, Jan and Iblisdir, Sofyan and Loss, Daniel},
	Date-Modified = {2014-12-04 05:40:23 +0000},
	Doi = {10.1103/PhysRevX.4.011051},
	Eprint = {1310.3846},
	Journal = {Phys. Rev. X},
	Pages = {011051},
	Title = {Decoding non-{A}belian topological quantum memories},
	Volume = {4},
	Year = {2014},
	Bdsk-Url-1 = {http://dx.doi.org/10.1103/PhysRevX.4.011051}}

@article{Rowell2009,
	Archiveprefix = {arXiv},
	Author = {Rowell, Eric and Stong, Richard and Wang, Zhenghan},
	Date-Modified = {2013-10-21 07:26:06 +0000},
	Doi = {10.1007/s00220-009-0908-z},
	Eprint = {0712.1377},
	Journal = {Comm. Math. Phys.},
	Pages = {343-389},
	Title = {On Classification of Modular Tensor Categories},
	Volume = {292},
	Year = {2009},
	Bdsk-Url-1 = {http://dx.doi.org/10.1007/s00220-009-0908-z}}

@article{Bravyi2006b,
	Archiveprefix = {arXiv},
	Author = {Bravyi, Sergey},
	Date-Modified = {2013-10-21 07:15:11 +0000},
	Doi = {10.1103/PhysRevA.73.042313},
	Eprint = {quant-ph/0511178},
	Journal = {Phys. Rev. A},
	Month = {Apr},
	Pages = {042313},
	Title = {Universal quantum computation with the {$\nu = \frac{5}{2}$} fractional quantum {H}all state},
	Volume = {73},
	Year = {2006},
	Bdsk-Url-1 = {http://dx.doi.org/10.1103/PhysRevA.73.042313}}

@article{Birman1969,
	Author = {Birman, Joan S.},
	Doi = {10.1002/cpa.3160220104},
	Journal = {Comm. Pure App. Math.},
	Number = {1},
	Pages = {41--72},
	Title = {On braid groups},
	Volume = {22},
	Year = {1969},
	Bdsk-Url-1 = {http://dx.doi.org/10.1002/cpa.3160220104}}

@article{Pfeifer2012,
	Archiveprefix = {arXiv},
	Author = {Pfeifer, Robert N. C. and Buerschaper, Oliver and Trebst, Simon and Ludwig, Andreas W. W. and Troyer, Matthias and Vidal, Guifre},
	Date-Modified = {2013-10-21 07:32:50 +0000},
	Doi = {10.1103/PhysRevB.86.155111},
	Eprint = {1005.5486},
	Journal = {Phys. Rev. B},
	Month = {Oct},
	Pages = {155111},
	Title = {Translation invariance, topology, and protection of criticality in chains of interacting anyons},
	Volume = {86},
	Year = {2012},
	Bdsk-Url-1 = {http://dx.doi.org/10.1103/PhysRevB.86.155111}}

@article{Hatsugai1992,
	Author = {Hatsugai, Yasuhiro and Kohmoto, Mahito and Wu, Yong-Shi},
	Doi = {10.1143/PTPS.107.101},
	Journal = {Prog. Theor. Phys. Supp.},
	Pages = {101-119},
	Title = {Braid Groups, Anyons and Gauge Invariance: On Topologically Nontrivial Surfaces},
	Volume = {107},
	Year = {1992},
	Bdsk-Url-1 = {http://dx.doi.org/10.1143/PTPS.107.101}}

@article{Dennis2002,
	Archiveprefix = {arXiv},
	Author = {Dennis, Eric and Kitaev, Alexei and Landahl, Andrew and Preskill, John},
	Date-Modified = {2013-10-21 07:25:04 +0000},
	Doi = {10.1063/1.1499754},
	Eprint = {quant-ph/0110143},
	Journal = {J. Math. Phys.},
	Number = {9},
	Pages = {4452-4505},
	Title = {Topological quantum memory},
	Volume = {43},
	Year = {2002},
	Bdsk-Url-1 = {http://dx.doi.org/10.1063/1.1499754}}

@article{Fan2010,
	Archiveprefix = {arXiv},
	Author = {Fan, Z. and de Garis, H.},
	Date-Modified = {2013-10-21 07:33:31 +0000},
	Doi = {10.1140/epjb/e2010-00087-4},
	Eprint = {1003.1253},
	Journal = {Euro. Phys. J. B},
	Number = {3},
	Pages = {419-427},
	Title = {Braid matrices and quantum gates for {I}sing anyons topological quantum computation},
	Volume = {74},
	Year = {2010},
	Bdsk-Url-1 = {http://dx.doi.org/10.1140/epjb/e2010-00087-4}}

@article{Ahlbrecht2009,
	Archiveprefix = {arXiv},
	Author = {Andre Ahlbrecht and Lachezar S. Georgiev and Reinhard F. Werner},
	Date-Modified = {2013-10-21 07:34:06 +0000},
	Doi = {10.1103/PhysRevA.79.032311},
	Eprint = {0812.2338},
	Journal = {Phys. Rev. A},
	Pages = {032311},
	Title = {{Implementation of Clifford gates in the Ising-anyon topological quantum computer}},
	Volume = {79},
	Year = {2009},
	Bdsk-Url-1 = {http://arxiv.org/abs/0812.2338},
	Bdsk-Url-2 = {http://dx.doi.org/10.1103/PhysRevA.79.032311}}

@article{Kitaev2006,
	Abstract = {A spin 1/2 system on a honeycomb lattice is studied.
                   The interactions between nearest neighbors are of XX,
                   YY or ZZ type, depending on the direction of the
                   link; different types of interactions may differ in
                   strength. The model is solved exactly by a reduction
                   to free fermions in a static \$\mathbb{Z}\_{2}\$
                   gauge field. A phase diagram in the parameter space
                   is obtained. One of the phases has an energy gap and
                   carries excitations that are Abelian anyons. The
                   other phase is gapless, but acquires a gap in the
                   presence of magnetic field. In the latter case
                   excitations are non-Abelian anyons whose braiding
                   rules coincide with those of conformal blocks for the
                   Ising model. We also consider a general theory of
                   free fermions with a gapped spectrum, which is
                   characterized by a spectral Chern number \$\nu\$. The
                   Abelian and non-Abelian phases of the original model
                   correspond to \$\nu=0\$ and \$\nu=\pm 1\$,
                   respectively. The anyonic properties of excitation
                   depend on \$\nu\bmod 16\$, whereas \$\nu\$ itself
                   governs edge thermal transport. The paper also
                   provides mathematical background on anyons as well as
                   an elementary theory of Chern number for
                   quasidiagonal matrices.},
	Archiveprefix = {arXiv},
	Author = {Kitaev, Alexei},
	Date-Modified = {2013-10-21 07:21:36 +0000},
	Doi = {10.1016/j.aop.2005.10.005},
	Eprint = {cond-mat/0506438},
	Journal = {Ann. Phys.},
	Pages = {2--111},
	Title = {Anyons in an exactly solved model and beyond},
	Volume = {321},
	Year = {2006},
	Bdsk-Url-1 = {http://dx.doi.org/10.1016/j.aop.2005.10.005}}

@inproceedings{Gottesman1998,
	Address = {Cambridge, MA},
	Archiveprefix = {arXiv},
	Author = {Gottesman, Daniel},
	Booktitle = {{Group22: Proceedings of the XXII International Colloquium on Group Theoretical Methods in Physics}},
	Date-Modified = {2013-10-21 07:44:35 +0000},
	Editor = {Corney, S.~P. and Delbourgo, R. and Jarvis, P.~D.},
	Eprint = {quant-ph/9807006},
	Pages = {32--43},
	Publisher = {International Press},
	Title = {The {H}eisenberg Representation of Quantum Computers},
	Year = {1999}}

@article{Gottesman1999a,
	Archiveprefix = {arXiv},
	Author = {Gottesman, Daniel},
	Date-Modified = {2013-10-21 07:37:07 +0000},
	Doi = {10.1016/S0960-0779(98)00218-5},
	Eprint = {quant-ph/9802007},
	Journal = {Chaos, Solitons and Fractals},
	Pages = {1749},
	Title = {Fault-Tolerant Quantum Computation with Higher-Dimensional Systems},
	Volume = {10},
	Year = {1999},
	Bdsk-Url-1 = {http://dx.doi.org/10.1016/S0960-0779(98)00218-5}}

@article{Van-den-Nest2012,
	Archiveprefix = {arXiv},
	Author = {{Van den Nest}, M.},
	Date-Modified = {2013-10-21 07:37:34 +0000},
	Eprint = {1201.4867},
	Title = {Efficient classical simulations of quantum {F}ourier transforms and normalizer circuits over {A}belian groups},
	Year = {2012}}

@article{Bermejo-Vega2012,
	Archiveprefix = {arXiv},
	Author = {Bermejo-Vega, Juan and Nest, Maarten Van den},
	Date-Modified = {2013-10-21 07:38:04 +0000},
	Eprint = {1210.3637},
	Title = {{A Gottesman-Knill theorem for all finite Abelian groups}},
	Year = {2012}}

@article{Blume-Kohout2008,
	Archiveprefix = {arXiv},
	Author = {Blume-Kohout, Robin and Ng, Hui Khoon and Poulin, David and Viola, Lorenza},
	Date-Modified = {2013-10-21 07:38:27 +0000},
	Doi = {10.1103/PhysRevLett.100.030501},
	Eprint = {0705.4282},
	Journal = {Phys. Rev. Lett.},
	Month = {Jan},
	Pages = {030501},
	Title = {Characterizing the Structure of Preserved Information in Quantum Processes},
	Volume = {100},
	Year = {2008},
	Bdsk-Url-1 = {http://dx.doi.org/10.1103/PhysRevLett.100.030501}}

@article{Blume-Kohout2010b,
	Archiveprefix = {arXiv},
	Author = {Blume-Kohout, Robin and Ng, Hui Khoon and Poulin, David and Viola, Lorenza},
	Date-Modified = {2013-10-21 07:38:50 +0000},
	Doi = {10.1103/PhysRevA.82.062306},
	Eprint = {1006.1358},
	Journal = {Phys. Rev. A},
	Month = {Dec},
	Pages = {062306},
	Title = {Information-preserving structures: A general framework for quantum zero-error information},
	Volume = {82},
	Year = {2010},
	Bdsk-Url-1 = {http://dx.doi.org/10.1103/PhysRevA.82.062306}}

@article{Bravyi2011,
	Abstract = {A big open question in the quantum information theory
                   concerns feasibility of a self-correcting quantum
                   memory. A quantum state recorded in such memory can
                   be stored reliably for a macroscopic time without
                   need for active error correction if the memory is put
                   in contact with a cold enough thermal bath. In this
                   paper we derive a rigorous lower bound on the memory
                   time $T_{mem}$ of the 3D Cubic Code model which was
                   recently conjectured to have a self-correcting
                   behavior. Assuming that dynamics of the memory system
                   can be described by a Markovian master equation of
                   Davies form, we prove that $T_{mem}\ge L^{c\beta}$
                   for some constant $c>0$, where $L$ is the lattice
                   size and $\beta$ is the inverse temperature of the
                   bath. However, this bound applies only if the lattice
                   size does not exceed certain critical value $L^*\sim
                   e^{\beta/3}$. We also report a numerical Monte Carlo
                   simulation of the studied memory indicating that our
                   analytic bounds on $T_{mem}$ are tight up to constant
                   coefficients. In order to model the readout step we
                   introduce a new decoding algorithm which might be of
                   independent interest. Our decoder can be implemented
                   efficiently for any topological stabilizer code and
                   has a constant error threshold under random
                   uncorrelated errors.},
	Archiveprefix = {arXiv},
	Author = {Sergey Bravyi and Jeongwan Haah},
	Date-Modified = {2014-12-04 05:43:00 +0000},
	Doi = {10.1103/PhysRevLett.111.200501},
	Eprint = {1112.3252},
	Journal = {Phys. Rev. Lett.},
	Pages = {200501},
	Title = {{A}nalytic and numerical demonstration of quantum self-correction in the 3{D} {C}ubic {C}ode},
	Url = {http://arxiv.org/abs/1112.3252},
	Volume = {111},
	Year = {2013},
	Bdsk-Url-1 = {http://arxiv.org/abs/1112.3252}}

@article{Duclos-Cianci2010,
	Abstract = {We present a family of algorithms, combining
                   real-space renormalization methods and belief
                   propagation, to estimate the free energy of a
                   topologically ordered system in the presence of
                   defects. Such an algorithm is needed to preserve the
                   quantum information stored in the ground space of a
                   topologically ordered system and to decode
                   topological error-correcting codes. For a system of
                   linear size L, our algorithm runs in time log L
                   compared to L^6 needed for the minimum-weight perfect
                   matching algorithm previously used in this context
                   and achieves a higher depolarizing error threshold.},
	Archiveprefix = {arXiv},
	Author = {Guillaume Duclos-Cianci and David Poulin},
	Date-Modified = {2013-10-21 07:40:22 +0000},
	Doi = {10.1103/PhysRevLett.104.050504},
	Eprint = {0911.0581},
	Journal = {Phys. Rev. Lett.},
	Pages = {050504},
	Title = {Fast Decoders for Topological Quantum Codes},
	Volume = {104},
	Year = {2010},
	Bdsk-Url-1 = {http://arxiv.org/abs/0911.0581}}

@inproceedings{Duclos-Cianci2010a,
	Archiveprefix = {arXiv},
	Author = {Duclos-Cianci, G. and Poulin, D.},
	Booktitle = {Information Theory Workshop (ITW), 2010 IEEE},
	Date-Modified = {2013-10-21 07:40:50 +0000},
	Doi = {10.1109/CIG.2010.5592866},
	Eprint = {1006.1362},
	Pages = {1-5},
	Title = {A renormalization group decoding algorithm for topological quantum codes},
	Year = {2010},
	Bdsk-Url-1 = {http://dx.doi.org/10.1109/CIG.2010.5592866}}

@article{Duclos-Cianci2013,
	Abstract = {We present a three-dimensional generalization of a
                   renormalization group decoding algorithm for
                   topological codes with Abelian anyonic excitations
                   that we previously introduced for two dimensions.
                   This 3D implementation extends our previous 2D
                   algorithm by incorporating a failure probability of
                   the syndrome measurements, i.e., it enables
                   fault-tolerant decoding. We report a fault-tolerant
                   storage threshold of 1.9(4)% for Kitaev's toric code
                   subject to a 3D bit-flip channel (i.e. including
                   imperfect syndrome measurements). This number is to
                   be compared with the 2.9% value obtained via perfect
                   matching. The 3D generalization inherits many
                   properties of the 2D algorithm, including a
                   complexity linear in the space-time volume of the
                   memory, which can be parallelized to logarithmic
                   time.},
	Archiveprefix = {arXiv},
	Author = {Guillaume Duclos-Cianci and David Poulin},
	Date-Modified = {2015-05-06 08:52:33 +0000},
	Eprint = {1304.6100},
	Journal = {Quant. Info. \& Comp.},
	Month = {04},
	Title = {Fault-Tolerant Renormalization Group Decoder for {A}belian Topological Codes},
	Url = {http://arxiv.org/abs/1304.6100},
	Year = {2013},
	Bdsk-Url-1 = {http://arxiv.org/abs/1304.6100}}

@article{Edmonds1965,
	Author = {Jack Edmonds},
	Doi = {10.4153/CJM-1965-045-4},
	Journal = {Canad. J. Math.},
	Pages = {449--467},
	Title = {Paths, trees, and flowers},
	Volume = {17},
	Year = {1965},
	Bdsk-Url-1 = {http://dx.doi.org/10.4153/CJM-1965-045-4}}

@inproceedings{Micali1980,
	Author = {Micali, S. and Vazirani, V.},
	Booktitle = {Proc. 21st Ann. Symp. Found. Comp. Sci.},
	Doi = {10.1109/SFCS.1980.12},
	Pages = {17--27},
	Publisher = {IEEE},
	Title = {An {$O(\sqrt{|V|} |E|)$} algorithm for finding maximum matching in general graphs},
	Year = {1980},
	Bdsk-Url-1 = {http://dx.doi.org/10.1109/SFCS.1980.12}}

@article{Kitaev2003,
	Archiveprefix = {arXiv},
	Author = {Kitaev, A. Yu.},
	Date-Modified = {2013-10-21 07:20:54 +0000},
	Doi = {10.1016/S0003-4916(02)00018-0},
	Eprint = {quant-ph/9707021},
	Journal = {Ann. Phys.},
	Number = {1},
	Pages = {2--30},
	Title = {Fault-tolerant quantum computation by anyons},
	Volume = {303},
	Year = {2003},
	Bdsk-Url-1 = {http://dx.doi.org/10.1016/S0003-4916(02)00018-0}}

@inproceedings{Karp1972,
	Address = {New York},
	Author = {Richard M. Karp},
	Booktitle = {Complexity of Computer Computations, Proc. Sympos. IBM Thomas J. Watson Res. Center},
	Doi = {10.1007/978-1-4684-2001-2_9},
	Pages = {85--103},
	Publisher = {Plenum},
	Title = {Reducibility Among Combinatorial Problems},
	Year = {1972},
	Bdsk-Url-1 = {http://dx.doi.org/10.1007/978-1-4684-2001-2_9}}

@article{Wang2010a,
	Archiveprefix = {arXiv},
	Author = {Wang, David S and Fowler, Austin G and Hill, Charles D and Hollenberg, Lloyd CL},
	Date-Modified = {2013-10-21 07:41:54 +0000},
	Eprint = {0907.1708},
	Journal = {Quantum Information \& Computation},
	Number = {9},
	Pages = {780--802},
	Publisher = {Rinton Press, Incorporated},
	Title = {Graphical algorithms and threshold error rates for the 2d color code},
	Volume = {10},
	Year = {2010}}

@article{Wang2010,
	Archiveprefix = {arXiv},
	Author = {D. S. Wang and A. G. Fowler and A. M. Stephens and L. C. L. Hollenberg},
	Date-Modified = {2013-10-21 07:25:33 +0000},
	Eprint = {0905.0531},
	Journal = {Quant. Info. Comput.},
	Pages = {456},
	Title = {Threshold error rates for the toric and surface codes},
	Volume = {10},
	Year = {2010}}

@article{Fowler2012,
	Archiveprefix = {arXiv},
	Author = {Fowler, Austin G. and Whiteside, Adam C. and Hollenberg, Lloyd C. L.},
	Date-Modified = {2013-10-21 07:42:20 +0000},
	Doi = {10.1103/PhysRevLett.108.180501},
	Eprint = {1110.5133},
	Journal = {Phys. Rev. Lett.},
	Month = {May},
	Pages = {180501},
	Title = {Towards Practical Classical Processing for the Surface Code},
	Volume = {108},
	Year = {2012},
	Bdsk-Url-1 = {http://link.aps.org/doi/10.1103/PhysRevLett.108.180501},
	Bdsk-Url-2 = {http://dx.doi.org/10.1103/PhysRevLett.108.180501}}

@article{Kolmogorov2009,
	Author = {Kolmogorov, Vladimir},
	Doi = {10.1007/s12532-009-0002-8},
	Issn = {1867-2949},
	Journal = {Mathematical Programming Computation},
	Number = {1},
	Pages = {43-67},
	Publisher = {Springer-Verlag},
	Title = {Blossom {V}: a new implementation of a minimum cost perfect matching algorithm},
	Url = {http://dx.doi.org/10.1007/s12532-009-0002-8},
	Volume = {1},
	Year = {2009},
	Bdsk-Url-1 = {http://dx.doi.org/10.1007/s12532-009-0002-8}}

@article{Bazant2000,
	Archiveprefix = {arXiv},
	Author = {Bazant, Martin Z.},
	Date-Modified = {2014-12-04 05:41:50 +0000},
	Doi = {10.1103/PhysRevE.62.1660},
	Eprint = {cond-mat/9905191},
	Issue = {2},
	Journal = {Phys. Rev. E},
	Month = {Aug},
	Numpages = {0},
	Pages = {1660--1669},
	Publisher = {American Physical Society},
	Title = {Largest cluster in subcritical percolation},
	Url = {http://link.aps.org/doi/10.1103/PhysRevE.62.1660},
	Volume = {62},
	Year = {2000},
	Bdsk-Url-1 = {http://link.aps.org/doi/10.1103/PhysRevE.62.1660},
	Bdsk-Url-2 = {http://dx.doi.org/10.1103/PhysRevE.62.1660}}
